%YAML 1.1
%TAG !u! tag:unity3d.com,2011:
--- !u!1 &5496079210269841610
GameObject:
  m_ObjectHideFlags: 0
  m_CorrespondingSourceObject: {fileID: 0}
  m_PrefabInstance: {fileID: 0}
  m_PrefabAsset: {fileID: 0}
  serializedVersion: 6
  m_Component:
  - component: {fileID: 9003299200641641075}
  m_Layer: 0
  m_Name: AllStone3x16
  m_TagString: Untagged
  m_Icon: {fileID: 0}
  m_NavMeshLayer: 0
  m_StaticEditorFlags: 0
  m_IsActive: 1
--- !u!4 &9003299200641641075
Transform:
  m_ObjectHideFlags: 0
  m_CorrespondingSourceObject: {fileID: 0}
  m_PrefabInstance: {fileID: 0}
  m_PrefabAsset: {fileID: 0}
  m_GameObject: {fileID: 5496079210269841610}
  m_LocalRotation: {x: 0, y: 0, z: 0, w: 1}
  m_LocalPosition: {x: 0, y: 0, z: 0}
  m_LocalScale: {x: 1, y: 1, z: 1}
  m_Children:
  - {fileID: 4646560443361443995}
  - {fileID: 2435989631896885234}
  - {fileID: 739753109885189315}
  - {fileID: 8038648561899724922}
  m_Father: {fileID: 0}
  m_RootOrder: 0
  m_LocalEulerAnglesHint: {x: 0, y: 0, z: 0}
--- !u!1001 &3202010311156033726
PrefabInstance:
  m_ObjectHideFlags: 0
  serializedVersion: 2
  m_Modification:
    m_TransformParent: {fileID: 9003299200641641075}
    m_Modifications:
    - target: {fileID: 1091336658454373817, guid: 11e87811f36757e3cbf91d366b3062d2, type: 3}
      propertyPath: m_Enabled
      value: 0
      objectReference: {fileID: 0}
    - target: {fileID: 2750559045682566269, guid: 11e87811f36757e3cbf91d366b3062d2, type: 3}
      propertyPath: m_LocalPosition.x
      value: 0
      objectReference: {fileID: 0}
    - target: {fileID: 2750559045682566269, guid: 11e87811f36757e3cbf91d366b3062d2, type: 3}
      propertyPath: m_LocalPosition.y
      value: -1
      objectReference: {fileID: 0}
    - target: {fileID: 2750559045682566269, guid: 11e87811f36757e3cbf91d366b3062d2, type: 3}
      propertyPath: m_LocalPosition.z
      value: 0
      objectReference: {fileID: 0}
    - target: {fileID: 2750559045682566269, guid: 11e87811f36757e3cbf91d366b3062d2, type: 3}
      propertyPath: m_LocalRotation.x
      value: 0
      objectReference: {fileID: 0}
    - target: {fileID: 2750559045682566269, guid: 11e87811f36757e3cbf91d366b3062d2, type: 3}
      propertyPath: m_LocalRotation.y
      value: 0
      objectReference: {fileID: 0}
    - target: {fileID: 2750559045682566269, guid: 11e87811f36757e3cbf91d366b3062d2, type: 3}
      propertyPath: m_LocalRotation.z
      value: 0
      objectReference: {fileID: 0}
    - target: {fileID: 2750559045682566269, guid: 11e87811f36757e3cbf91d366b3062d2, type: 3}
      propertyPath: m_LocalRotation.w
      value: 1
      objectReference: {fileID: 0}
    - target: {fileID: 2750559045682566269, guid: 11e87811f36757e3cbf91d366b3062d2, type: 3}
      propertyPath: m_RootOrder
      value: 2
      objectReference: {fileID: 0}
    - target: {fileID: 2750559045682566269, guid: 11e87811f36757e3cbf91d366b3062d2, type: 3}
      propertyPath: m_LocalEulerAnglesHint.x
      value: 0
      objectReference: {fileID: 0}
    - target: {fileID: 2750559045682566269, guid: 11e87811f36757e3cbf91d366b3062d2, type: 3}
      propertyPath: m_LocalEulerAnglesHint.y
      value: 0
      objectReference: {fileID: 0}
    - target: {fileID: 2750559045682566269, guid: 11e87811f36757e3cbf91d366b3062d2, type: 3}
      propertyPath: m_LocalEulerAnglesHint.z
      value: 0
      objectReference: {fileID: 0}
    - target: {fileID: 7139307150769469406, guid: 11e87811f36757e3cbf91d366b3062d2, type: 3}
      propertyPath: m_Enabled
      value: 0
      objectReference: {fileID: 0}
    - target: {fileID: 8150466599543387044, guid: 11e87811f36757e3cbf91d366b3062d2, type: 3}
      propertyPath: m_Name
      value: AllStone3x2
      objectReference: {fileID: 0}
    m_RemovedComponents: []
  m_SourcePrefab: {fileID: 100100000, guid: 11e87811f36757e3cbf91d366b3062d2, type: 3}
--- !u!4 &739753109885189315 stripped
Transform:
  m_CorrespondingSourceObject: {fileID: 2750559045682566269, guid: 11e87811f36757e3cbf91d366b3062d2, type: 3}
  m_PrefabInstance: {fileID: 3202010311156033726}
  m_PrefabAsset: {fileID: 0}
--- !u!1001 &4498373074630379634
PrefabInstance:
  m_ObjectHideFlags: 0
  serializedVersion: 2
  m_Modification:
    m_TransformParent: {fileID: 9003299200641641075}
    m_Modifications:
    - target: {fileID: 8548778792391542583, guid: 349e5b45df97fa9e29424fdf6874a705, type: 3}
      propertyPath: m_Name
      value: AllStone3x1
      objectReference: {fileID: 0}
    - target: {fileID: 9085599246605240553, guid: 349e5b45df97fa9e29424fdf6874a705, type: 3}
      propertyPath: m_LocalPosition.x
      value: 0
      objectReference: {fileID: 0}
    - target: {fileID: 9085599246605240553, guid: 349e5b45df97fa9e29424fdf6874a705, type: 3}
      propertyPath: m_LocalPosition.y
      value: 0
      objectReference: {fileID: 0}
    - target: {fileID: 9085599246605240553, guid: 349e5b45df97fa9e29424fdf6874a705, type: 3}
      propertyPath: m_LocalPosition.z
      value: 0
      objectReference: {fileID: 0}
    - target: {fileID: 9085599246605240553, guid: 349e5b45df97fa9e29424fdf6874a705, type: 3}
      propertyPath: m_LocalRotation.x
      value: 0
      objectReference: {fileID: 0}
    - target: {fileID: 9085599246605240553, guid: 349e5b45df97fa9e29424fdf6874a705, type: 3}
      propertyPath: m_LocalRotation.y
      value: 0
      objectReference: {fileID: 0}
    - target: {fileID: 9085599246605240553, guid: 349e5b45df97fa9e29424fdf6874a705, type: 3}
      propertyPath: m_LocalRotation.z
      value: 0
      objectReference: {fileID: 0}
    - target: {fileID: 9085599246605240553, guid: 349e5b45df97fa9e29424fdf6874a705, type: 3}
      propertyPath: m_LocalRotation.w
      value: 1
      objectReference: {fileID: 0}
    - target: {fileID: 9085599246605240553, guid: 349e5b45df97fa9e29424fdf6874a705, type: 3}
      propertyPath: m_RootOrder
      value: 0
      objectReference: {fileID: 0}
    - target: {fileID: 9085599246605240553, guid: 349e5b45df97fa9e29424fdf6874a705, type: 3}
      propertyPath: m_LocalEulerAnglesHint.x
      value: 0
      objectReference: {fileID: 0}
    - target: {fileID: 9085599246605240553, guid: 349e5b45df97fa9e29424fdf6874a705, type: 3}
      propertyPath: m_LocalEulerAnglesHint.y
      value: 0
      objectReference: {fileID: 0}
    - target: {fileID: 9085599246605240553, guid: 349e5b45df97fa9e29424fdf6874a705, type: 3}
      propertyPath: m_LocalEulerAnglesHint.z
      value: 0
      objectReference: {fileID: 0}
    m_RemovedComponents: []
  m_SourcePrefab: {fileID: 100100000, guid: 349e5b45df97fa9e29424fdf6874a705, type: 3}
--- !u!4 &4646560443361443995 stripped
Transform:
  m_CorrespondingSourceObject: {fileID: 9085599246605240553, guid: 349e5b45df97fa9e29424fdf6874a705, type: 3}
  m_PrefabInstance: {fileID: 4498373074630379634}
  m_PrefabAsset: {fileID: 0}
--- !u!1001 &4662431318329957028
PrefabInstance:
  m_ObjectHideFlags: 0
  serializedVersion: 2
  m_Modification:
    m_TransformParent: {fileID: 9003299200641641075}
    m_Modifications:
    - target: {fileID: 988023488602700904, guid: 29893d960d6221b74948668bf52fd0bf, type: 3}
      propertyPath: m_Enabled
      value: 0
      objectReference: {fileID: 0}
    - target: {fileID: 3403398408512895710, guid: 29893d960d6221b74948668bf52fd0bf, type: 3}
      propertyPath: m_LocalPosition.x
      value: 0
      objectReference: {fileID: 0}
    - target: {fileID: 3403398408512895710, guid: 29893d960d6221b74948668bf52fd0bf, type: 3}
      propertyPath: m_LocalPosition.y
      value: -8
      objectReference: {fileID: 0}
    - target: {fileID: 3403398408512895710, guid: 29893d960d6221b74948668bf52fd0bf, type: 3}
      propertyPath: m_LocalPosition.z
      value: 0
      objectReference: {fileID: 0}
    - target: {fileID: 3403398408512895710, guid: 29893d960d6221b74948668bf52fd0bf, type: 3}
      propertyPath: m_LocalRotation.x
      value: 0
      objectReference: {fileID: 0}
    - target: {fileID: 3403398408512895710, guid: 29893d960d6221b74948668bf52fd0bf, type: 3}
      propertyPath: m_LocalRotation.y
      value: 0
      objectReference: {fileID: 0}
    - target: {fileID: 3403398408512895710, guid: 29893d960d6221b74948668bf52fd0bf, type: 3}
      propertyPath: m_LocalRotation.z
      value: 0
      objectReference: {fileID: 0}
    - target: {fileID: 3403398408512895710, guid: 29893d960d6221b74948668bf52fd0bf, type: 3}
      propertyPath: m_LocalRotation.w
      value: 1
      objectReference: {fileID: 0}
    - target: {fileID: 3403398408512895710, guid: 29893d960d6221b74948668bf52fd0bf, type: 3}
      propertyPath: m_RootOrder
      value: 3
      objectReference: {fileID: 0}
    - target: {fileID: 3403398408512895710, guid: 29893d960d6221b74948668bf52fd0bf, type: 3}
      propertyPath: m_LocalEulerAnglesHint.x
      value: 0
      objectReference: {fileID: 0}
    - target: {fileID: 3403398408512895710, guid: 29893d960d6221b74948668bf52fd0bf, type: 3}
      propertyPath: m_LocalEulerAnglesHint.y
      value: 0
      objectReference: {fileID: 0}
    - target: {fileID: 3403398408512895710, guid: 29893d960d6221b74948668bf52fd0bf, type: 3}
      propertyPath: m_LocalEulerAnglesHint.z
      value: 0
      objectReference: {fileID: 0}
    - target: {fileID: 3688123024273100785, guid: 29893d960d6221b74948668bf52fd0bf, type: 3}
      propertyPath: m_Name
      value: AllStone3x8
      objectReference: {fileID: 0}
    - target: {fileID: 7025884589707636239, guid: 29893d960d6221b74948668bf52fd0bf, type: 3}
      propertyPath: m_Enabled
      value: 0
      objectReference: {fileID: 0}
    m_RemovedComponents: []
  m_SourcePrefab: {fileID: 100100000, guid: 29893d960d6221b74948668bf52fd0bf, type: 3}
--- !u!4 &8038648561899724922 stripped
Transform:
  m_CorrespondingSourceObject: {fileID: 3403398408512895710, guid: 29893d960d6221b74948668bf52fd0bf, type: 3}
  m_PrefabInstance: {fileID: 4662431318329957028}
  m_PrefabAsset: {fileID: 0}
--- !u!1001 &7988364329268387769
PrefabInstance:
  m_ObjectHideFlags: 0
  serializedVersion: 2
  m_Modification:
    m_TransformParent: {fileID: 9003299200641641075}
    m_Modifications:
    - target: {fileID: 2914454289268605698, guid: 237cc051b22b78da197c74be650bc5d9, type: 3}
      propertyPath: m_Enabled
      value: 0
      objectReference: {fileID: 0}
    - target: {fileID: 4919309939709956453, guid: 237cc051b22b78da197c74be650bc5d9, type: 3}
      propertyPath: m_Enabled
      value: 0
      objectReference: {fileID: 0}
    - target: {fileID: 5697617171875498059, guid: 237cc051b22b78da197c74be650bc5d9, type: 3}
      propertyPath: m_LocalPosition.x
      value: 0
      objectReference: {fileID: 0}
    - target: {fileID: 5697617171875498059, guid: 237cc051b22b78da197c74be650bc5d9, type: 3}
      propertyPath: m_LocalPosition.y
      value: -3
      objectReference: {fileID: 0}
    - target: {fileID: 5697617171875498059, guid: 237cc051b22b78da197c74be650bc5d9, type: 3}
      propertyPath: m_LocalPosition.z
      value: 0
      objectReference: {fileID: 0}
    - target: {fileID: 5697617171875498059, guid: 237cc051b22b78da197c74be650bc5d9, type: 3}
      propertyPath: m_LocalRotation.x
      value: 0
      objectReference: {fileID: 0}
    - target: {fileID: 5697617171875498059, guid: 237cc051b22b78da197c74be650bc5d9, type: 3}
      propertyPath: m_LocalRotation.y
      value: 0
      objectReference: {fileID: 0}
    - target: {fileID: 5697617171875498059, guid: 237cc051b22b78da197c74be650bc5d9, type: 3}
      propertyPath: m_LocalRotation.z
      value: 0
      objectReference: {fileID: 0}
    - target: {fileID: 5697617171875498059, guid: 237cc051b22b78da197c74be650bc5d9, type: 3}
      propertyPath: m_LocalRotation.w
      value: 1
      objectReference: {fileID: 0}
    - target: {fileID: 5697617171875498059, guid: 237cc051b22b78da197c74be650bc5d9, type: 3}
      propertyPath: m_RootOrder
      value: 1
      objectReference: {fileID: 0}
    - target: {fileID: 5697617171875498059, guid: 237cc051b22b78da197c74be650bc5d9, type: 3}
      propertyPath: m_LocalEulerAnglesHint.x
      value: 0
      objectReference: {fileID: 0}
    - target: {fileID: 5697617171875498059, guid: 237cc051b22b78da197c74be650bc5d9, type: 3}
      propertyPath: m_LocalEulerAnglesHint.y
      value: 0
      objectReference: {fileID: 0}
    - target: {fileID: 5697617171875498059, guid: 237cc051b22b78da197c74be650bc5d9, type: 3}
      propertyPath: m_LocalEulerAnglesHint.z
      value: 0
      objectReference: {fileID: 0}
    - target: {fileID: 8347197879771663233, guid: 237cc051b22b78da197c74be650bc5d9, type: 3}
      propertyPath: m_Name
      value: AllStone3x5
      objectReference: {fileID: 0}
    m_RemovedComponents: []
  m_SourcePrefab: {fileID: 100100000, guid: 237cc051b22b78da197c74be650bc5d9, type: 3}
--- !u!4 &2435989631896885234 stripped
Transform:
  m_CorrespondingSourceObject: {fileID: 5697617171875498059, guid: 237cc051b22b78da197c74be650bc5d9, type: 3}
  m_PrefabInstance: {fileID: 7988364329268387769}
  m_PrefabAsset: {fileID: 0}
