%YAML 1.1
%TAG !u! tag:unity3d.com,2011:
--- !u!1 &4733734781453664653
GameObject:
  m_ObjectHideFlags: 0
  m_CorrespondingSourceObject: {fileID: 0}
  m_PrefabInstance: {fileID: 0}
  m_PrefabAsset: {fileID: 0}
  serializedVersion: 6
  m_Component:
  - component: {fileID: 4599088279211565101}
  m_Layer: 0
  m_Name: AllStone4x16
  m_TagString: Untagged
  m_Icon: {fileID: 0}
  m_NavMeshLayer: 0
  m_StaticEditorFlags: 0
  m_IsActive: 1
--- !u!4 &4599088279211565101
Transform:
  m_ObjectHideFlags: 0
  m_CorrespondingSourceObject: {fileID: 0}
  m_PrefabInstance: {fileID: 0}
  m_PrefabAsset: {fileID: 0}
  m_GameObject: {fileID: 4733734781453664653}
  m_LocalRotation: {x: 0, y: 0, z: 0, w: 1}
  m_LocalPosition: {x: 0, y: 0, z: 0}
  m_LocalScale: {x: 1, y: 1, z: 1}
  m_Children:
  - {fileID: 309491124303783203}
  - {fileID: 80011694326071566}
  - {fileID: 252623025284541526}
  - {fileID: 6385467216478801632}
  m_Father: {fileID: 0}
  m_RootOrder: 0
  m_LocalEulerAnglesHint: {x: 0, y: 0, z: 0}
--- !u!1001 &2512687462389065092
PrefabInstance:
  m_ObjectHideFlags: 0
  serializedVersion: 2
  m_Modification:
    m_TransformParent: {fileID: 4599088279211565101}
    m_Modifications:
    - target: {fileID: 2780220044771344551, guid: b4eaef7b7575284218232f880c12f446, type: 3}
      propertyPath: m_LocalPosition.x
      value: 0
      objectReference: {fileID: 0}
    - target: {fileID: 2780220044771344551, guid: b4eaef7b7575284218232f880c12f446, type: 3}
      propertyPath: m_LocalPosition.y
      value: 0
      objectReference: {fileID: 0}
    - target: {fileID: 2780220044771344551, guid: b4eaef7b7575284218232f880c12f446, type: 3}
      propertyPath: m_LocalPosition.z
      value: 0
      objectReference: {fileID: 0}
    - target: {fileID: 2780220044771344551, guid: b4eaef7b7575284218232f880c12f446, type: 3}
      propertyPath: m_LocalRotation.x
      value: 0
      objectReference: {fileID: 0}
    - target: {fileID: 2780220044771344551, guid: b4eaef7b7575284218232f880c12f446, type: 3}
      propertyPath: m_LocalRotation.y
      value: 0
      objectReference: {fileID: 0}
    - target: {fileID: 2780220044771344551, guid: b4eaef7b7575284218232f880c12f446, type: 3}
      propertyPath: m_LocalRotation.z
      value: 0
      objectReference: {fileID: 0}
    - target: {fileID: 2780220044771344551, guid: b4eaef7b7575284218232f880c12f446, type: 3}
      propertyPath: m_LocalRotation.w
      value: 1
      objectReference: {fileID: 0}
    - target: {fileID: 2780220044771344551, guid: b4eaef7b7575284218232f880c12f446, type: 3}
      propertyPath: m_RootOrder
      value: 0
      objectReference: {fileID: 0}
    - target: {fileID: 2780220044771344551, guid: b4eaef7b7575284218232f880c12f446, type: 3}
      propertyPath: m_LocalEulerAnglesHint.x
      value: 0
      objectReference: {fileID: 0}
    - target: {fileID: 2780220044771344551, guid: b4eaef7b7575284218232f880c12f446, type: 3}
      propertyPath: m_LocalEulerAnglesHint.y
      value: 0
      objectReference: {fileID: 0}
    - target: {fileID: 2780220044771344551, guid: b4eaef7b7575284218232f880c12f446, type: 3}
      propertyPath: m_LocalEulerAnglesHint.z
      value: 0
      objectReference: {fileID: 0}
    - target: {fileID: 3598847792858156889, guid: b4eaef7b7575284218232f880c12f446, type: 3}
      propertyPath: m_Name
      value: AllStone4x1
      objectReference: {fileID: 0}
    m_RemovedComponents: []
  m_SourcePrefab: {fileID: 100100000, guid: b4eaef7b7575284218232f880c12f446, type: 3}
--- !u!4 &309491124303783203 stripped
Transform:
  m_CorrespondingSourceObject: {fileID: 2780220044771344551, guid: b4eaef7b7575284218232f880c12f446, type: 3}
  m_PrefabInstance: {fileID: 2512687462389065092}
  m_PrefabAsset: {fileID: 0}
--- !u!1001 &3643680932191110537
PrefabInstance:
  m_ObjectHideFlags: 0
  serializedVersion: 2
  m_Modification:
    m_TransformParent: {fileID: 4599088279211565101}
    m_Modifications:
    - target: {fileID: 1399727476140777852, guid: e9fb23b883fafbcacaffce29bb12869d, type: 3}
      propertyPath: m_Enabled
      value: 0
      objectReference: {fileID: 0}
    - target: {fileID: 3340530545831713405, guid: e9fb23b883fafbcacaffce29bb12869d, type: 3}
      propertyPath: m_Name
      value: AllStone4x8
      objectReference: {fileID: 0}
    - target: {fileID: 3836393025436238966, guid: e9fb23b883fafbcacaffce29bb12869d, type: 3}
      propertyPath: m_Enabled
      value: 0
      objectReference: {fileID: 0}
    - target: {fileID: 7641843422395009897, guid: e9fb23b883fafbcacaffce29bb12869d, type: 3}
      propertyPath: m_LocalPosition.x
      value: 0
      objectReference: {fileID: 0}
    - target: {fileID: 7641843422395009897, guid: e9fb23b883fafbcacaffce29bb12869d, type: 3}
      propertyPath: m_LocalPosition.y
      value: -8
      objectReference: {fileID: 0}
    - target: {fileID: 7641843422395009897, guid: e9fb23b883fafbcacaffce29bb12869d, type: 3}
      propertyPath: m_LocalPosition.z
      value: 0
      objectReference: {fileID: 0}
    - target: {fileID: 7641843422395009897, guid: e9fb23b883fafbcacaffce29bb12869d, type: 3}
      propertyPath: m_LocalRotation.x
      value: 0
      objectReference: {fileID: 0}
    - target: {fileID: 7641843422395009897, guid: e9fb23b883fafbcacaffce29bb12869d, type: 3}
      propertyPath: m_LocalRotation.y
      value: 0
      objectReference: {fileID: 0}
    - target: {fileID: 7641843422395009897, guid: e9fb23b883fafbcacaffce29bb12869d, type: 3}
      propertyPath: m_LocalRotation.z
      value: 0
      objectReference: {fileID: 0}
    - target: {fileID: 7641843422395009897, guid: e9fb23b883fafbcacaffce29bb12869d, type: 3}
      propertyPath: m_LocalRotation.w
      value: 1
      objectReference: {fileID: 0}
    - target: {fileID: 7641843422395009897, guid: e9fb23b883fafbcacaffce29bb12869d, type: 3}
      propertyPath: m_RootOrder
      value: 3
      objectReference: {fileID: 0}
    - target: {fileID: 7641843422395009897, guid: e9fb23b883fafbcacaffce29bb12869d, type: 3}
      propertyPath: m_LocalEulerAnglesHint.x
      value: 0
      objectReference: {fileID: 0}
    - target: {fileID: 7641843422395009897, guid: e9fb23b883fafbcacaffce29bb12869d, type: 3}
      propertyPath: m_LocalEulerAnglesHint.y
      value: 0
      objectReference: {fileID: 0}
    - target: {fileID: 7641843422395009897, guid: e9fb23b883fafbcacaffce29bb12869d, type: 3}
      propertyPath: m_LocalEulerAnglesHint.z
      value: 0
      objectReference: {fileID: 0}
    m_RemovedComponents: []
  m_SourcePrefab: {fileID: 100100000, guid: e9fb23b883fafbcacaffce29bb12869d, type: 3}
--- !u!4 &6385467216478801632 stripped
Transform:
  m_CorrespondingSourceObject: {fileID: 7641843422395009897, guid: e9fb23b883fafbcacaffce29bb12869d, type: 3}
  m_PrefabInstance: {fileID: 3643680932191110537}
  m_PrefabAsset: {fileID: 0}
--- !u!1001 &4377731644006248476
PrefabInstance:
  m_ObjectHideFlags: 0
  serializedVersion: 2
  m_Modification:
    m_TransformParent: {fileID: 4599088279211565101}
    m_Modifications:
    - target: {fileID: 252745084644058728, guid: 018b272d916d61dea8753c498a44b4db, type: 3}
      propertyPath: m_Enabled
      value: 0
      objectReference: {fileID: 0}
    - target: {fileID: 2724855658728850274, guid: 018b272d916d61dea8753c498a44b4db, type: 3}
      propertyPath: m_Enabled
      value: 0
      objectReference: {fileID: 0}
    - target: {fileID: 4558114453237914698, guid: 018b272d916d61dea8753c498a44b4db, type: 3}
      propertyPath: m_LocalPosition.x
      value: 0
      objectReference: {fileID: 0}
    - target: {fileID: 4558114453237914698, guid: 018b272d916d61dea8753c498a44b4db, type: 3}
      propertyPath: m_LocalPosition.y
      value: -1
      objectReference: {fileID: 0}
    - target: {fileID: 4558114453237914698, guid: 018b272d916d61dea8753c498a44b4db, type: 3}
      propertyPath: m_LocalPosition.z
      value: 0
      objectReference: {fileID: 0}
    - target: {fileID: 4558114453237914698, guid: 018b272d916d61dea8753c498a44b4db, type: 3}
      propertyPath: m_LocalRotation.x
      value: 0
      objectReference: {fileID: 0}
    - target: {fileID: 4558114453237914698, guid: 018b272d916d61dea8753c498a44b4db, type: 3}
      propertyPath: m_LocalRotation.y
      value: 0
      objectReference: {fileID: 0}
    - target: {fileID: 4558114453237914698, guid: 018b272d916d61dea8753c498a44b4db, type: 3}
      propertyPath: m_LocalRotation.z
      value: 0
      objectReference: {fileID: 0}
    - target: {fileID: 4558114453237914698, guid: 018b272d916d61dea8753c498a44b4db, type: 3}
      propertyPath: m_LocalRotation.w
      value: 1
      objectReference: {fileID: 0}
    - target: {fileID: 4558114453237914698, guid: 018b272d916d61dea8753c498a44b4db, type: 3}
      propertyPath: m_RootOrder
      value: 2
      objectReference: {fileID: 0}
    - target: {fileID: 4558114453237914698, guid: 018b272d916d61dea8753c498a44b4db, type: 3}
      propertyPath: m_LocalEulerAnglesHint.x
      value: 0
      objectReference: {fileID: 0}
    - target: {fileID: 4558114453237914698, guid: 018b272d916d61dea8753c498a44b4db, type: 3}
      propertyPath: m_LocalEulerAnglesHint.y
      value: 0
      objectReference: {fileID: 0}
    - target: {fileID: 4558114453237914698, guid: 018b272d916d61dea8753c498a44b4db, type: 3}
      propertyPath: m_LocalEulerAnglesHint.z
      value: 0
      objectReference: {fileID: 0}
    - target: {fileID: 4873353976737519079, guid: 018b272d916d61dea8753c498a44b4db, type: 3}
      propertyPath: m_Name
      value: AllStone4x2
      objectReference: {fileID: 0}
    m_RemovedComponents: []
  m_SourcePrefab: {fileID: 100100000, guid: 018b272d916d61dea8753c498a44b4db, type: 3}
--- !u!4 &252623025284541526 stripped
Transform:
  m_CorrespondingSourceObject: {fileID: 4558114453237914698, guid: 018b272d916d61dea8753c498a44b4db, type: 3}
  m_PrefabInstance: {fileID: 4377731644006248476}
  m_PrefabAsset: {fileID: 0}
--- !u!1001 &4516863101313119835
PrefabInstance:
  m_ObjectHideFlags: 0
  serializedVersion: 2
  m_Modification:
    m_TransformParent: {fileID: 4599088279211565101}
    m_Modifications:
    - target: {fileID: 2455611090184373953, guid: bfabc8c8de2870fd695d6a43e13507fb, type: 3}
      propertyPath: m_Name
      value: AllStone4x5
      objectReference: {fileID: 0}
    - target: {fileID: 4590114946342762325, guid: bfabc8c8de2870fd695d6a43e13507fb, type: 3}
      propertyPath: m_LocalPosition.x
      value: 0
      objectReference: {fileID: 0}
    - target: {fileID: 4590114946342762325, guid: bfabc8c8de2870fd695d6a43e13507fb, type: 3}
      propertyPath: m_LocalPosition.y
      value: -3
      objectReference: {fileID: 0}
    - target: {fileID: 4590114946342762325, guid: bfabc8c8de2870fd695d6a43e13507fb, type: 3}
      propertyPath: m_LocalPosition.z
      value: 0
      objectReference: {fileID: 0}
    - target: {fileID: 4590114946342762325, guid: bfabc8c8de2870fd695d6a43e13507fb, type: 3}
      propertyPath: m_LocalRotation.x
      value: 0
      objectReference: {fileID: 0}
    - target: {fileID: 4590114946342762325, guid: bfabc8c8de2870fd695d6a43e13507fb, type: 3}
      propertyPath: m_LocalRotation.y
      value: 0
      objectReference: {fileID: 0}
    - target: {fileID: 4590114946342762325, guid: bfabc8c8de2870fd695d6a43e13507fb, type: 3}
      propertyPath: m_LocalRotation.z
      value: 0
      objectReference: {fileID: 0}
    - target: {fileID: 4590114946342762325, guid: bfabc8c8de2870fd695d6a43e13507fb, type: 3}
      propertyPath: m_LocalRotation.w
      value: 1
      objectReference: {fileID: 0}
    - target: {fileID: 4590114946342762325, guid: bfabc8c8de2870fd695d6a43e13507fb, type: 3}
      propertyPath: m_RootOrder
      value: 1
      objectReference: {fileID: 0}
    - target: {fileID: 4590114946342762325, guid: bfabc8c8de2870fd695d6a43e13507fb, type: 3}
      propertyPath: m_LocalEulerAnglesHint.x
      value: 0
      objectReference: {fileID: 0}
    - target: {fileID: 4590114946342762325, guid: bfabc8c8de2870fd695d6a43e13507fb, type: 3}
      propertyPath: m_LocalEulerAnglesHint.y
      value: 0
      objectReference: {fileID: 0}
    - target: {fileID: 4590114946342762325, guid: bfabc8c8de2870fd695d6a43e13507fb, type: 3}
      propertyPath: m_LocalEulerAnglesHint.z
      value: 0
      objectReference: {fileID: 0}
    m_RemovedComponents: []
  m_SourcePrefab: {fileID: 100100000, guid: bfabc8c8de2870fd695d6a43e13507fb, type: 3}
--- !u!4 &80011694326071566 stripped
Transform:
  m_CorrespondingSourceObject: {fileID: 4590114946342762325, guid: bfabc8c8de2870fd695d6a43e13507fb, type: 3}
  m_PrefabInstance: {fileID: 4516863101313119835}
  m_PrefabAsset: {fileID: 0}
