%YAML 1.1
%TAG !u! tag:unity3d.com,2011:
--- !u!1 &216062615432679535
GameObject:
  m_ObjectHideFlags: 0
  m_CorrespondingSourceObject: {fileID: 0}
  m_PrefabInstance: {fileID: 0}
  m_PrefabAsset: {fileID: 0}
  serializedVersion: 6
  m_Component:
  - component: {fileID: 8685859942173236702}
  m_Layer: 0
  m_Name: AllStone2x8
  m_TagString: Untagged
  m_Icon: {fileID: 0}
  m_NavMeshLayer: 0
  m_StaticEditorFlags: 0
  m_IsActive: 1
--- !u!4 &8685859942173236702
Transform:
  m_ObjectHideFlags: 0
  m_CorrespondingSourceObject: {fileID: 0}
  m_PrefabInstance: {fileID: 0}
  m_PrefabAsset: {fileID: 0}
  m_GameObject: {fileID: 216062615432679535}
  m_LocalRotation: {x: 0, y: 0, z: 0, w: 1}
  m_LocalPosition: {x: 0, y: 0, z: 0}
  m_LocalScale: {x: 1, y: 1, z: 1}
  m_Children:
  - {fileID: 704468935662172665}
  - {fileID: 830201178502367136}
  - {fileID: 665739556843538669}
  m_Father: {fileID: 0}
  m_RootOrder: 0
  m_LocalEulerAnglesHint: {x: 0, y: 0, z: 0}
--- !u!1001 &2854329980057994249
PrefabInstance:
  m_ObjectHideFlags: 0
  serializedVersion: 2
  m_Modification:
    m_TransformParent: {fileID: 8685859942173236702}
    m_Modifications:
    - target: {fileID: 101357387001720676, guid: a1a596744acd3a063a0c33207c3106d2, type: 3}
      propertyPath: m_Name
      value: AllStone2x5
      objectReference: {fileID: 0}
    - target: {fileID: 2455843941430730520, guid: a1a596744acd3a063a0c33207c3106d2, type: 3}
      propertyPath: m_Enabled
      value: 0
      objectReference: {fileID: 0}
    - target: {fileID: 3117319603479247115, guid: a1a596744acd3a063a0c33207c3106d2, type: 3}
      propertyPath: m_Enabled
      value: 0
      objectReference: {fileID: 0}
    - target: {fileID: 3360164056044342500, guid: a1a596744acd3a063a0c33207c3106d2, type: 3}
      propertyPath: m_LocalPosition.x
      value: 0
      objectReference: {fileID: 0}
    - target: {fileID: 3360164056044342500, guid: a1a596744acd3a063a0c33207c3106d2, type: 3}
      propertyPath: m_LocalPosition.y
      value: -3
      objectReference: {fileID: 0}
    - target: {fileID: 3360164056044342500, guid: a1a596744acd3a063a0c33207c3106d2, type: 3}
      propertyPath: m_LocalPosition.z
      value: 0
      objectReference: {fileID: 0}
    - target: {fileID: 3360164056044342500, guid: a1a596744acd3a063a0c33207c3106d2, type: 3}
      propertyPath: m_LocalRotation.x
      value: 0
      objectReference: {fileID: 0}
    - target: {fileID: 3360164056044342500, guid: a1a596744acd3a063a0c33207c3106d2, type: 3}
      propertyPath: m_LocalRotation.y
      value: 0
      objectReference: {fileID: 0}
    - target: {fileID: 3360164056044342500, guid: a1a596744acd3a063a0c33207c3106d2, type: 3}
      propertyPath: m_LocalRotation.z
      value: 0
      objectReference: {fileID: 0}
    - target: {fileID: 3360164056044342500, guid: a1a596744acd3a063a0c33207c3106d2, type: 3}
      propertyPath: m_LocalRotation.w
      value: 1
      objectReference: {fileID: 0}
    - target: {fileID: 3360164056044342500, guid: a1a596744acd3a063a0c33207c3106d2, type: 3}
      propertyPath: m_RootOrder
      value: 2
      objectReference: {fileID: 0}
    - target: {fileID: 3360164056044342500, guid: a1a596744acd3a063a0c33207c3106d2, type: 3}
      propertyPath: m_LocalEulerAnglesHint.x
      value: 0
      objectReference: {fileID: 0}
    - target: {fileID: 3360164056044342500, guid: a1a596744acd3a063a0c33207c3106d2, type: 3}
      propertyPath: m_LocalEulerAnglesHint.y
      value: 0
      objectReference: {fileID: 0}
    - target: {fileID: 3360164056044342500, guid: a1a596744acd3a063a0c33207c3106d2, type: 3}
      propertyPath: m_LocalEulerAnglesHint.z
      value: 0
      objectReference: {fileID: 0}
    m_RemovedComponents: []
  m_SourcePrefab: {fileID: 100100000, guid: a1a596744acd3a063a0c33207c3106d2, type: 3}
--- !u!4 &665739556843538669 stripped
Transform:
  m_CorrespondingSourceObject: {fileID: 3360164056044342500, guid: a1a596744acd3a063a0c33207c3106d2, type: 3}
  m_PrefabInstance: {fileID: 2854329980057994249}
  m_PrefabAsset: {fileID: 0}
--- !u!1001 &6274219549839024781
PrefabInstance:
  m_ObjectHideFlags: 0
  serializedVersion: 2
  m_Modification:
    m_TransformParent: {fileID: 8685859942173236702}
    m_Modifications:
    - target: {fileID: 5462016917830058450, guid: f55de7cd1196fbd66988d62688020c27, type: 3}
      propertyPath: m_Name
      value: AllStone2x1
      objectReference: {fileID: 0}
    - target: {fileID: 6833165371160632180, guid: f55de7cd1196fbd66988d62688020c27, type: 3}
      propertyPath: m_LocalPosition.x
      value: 0
      objectReference: {fileID: 0}
    - target: {fileID: 6833165371160632180, guid: f55de7cd1196fbd66988d62688020c27, type: 3}
      propertyPath: m_LocalPosition.y
      value: 0
      objectReference: {fileID: 0}
    - target: {fileID: 6833165371160632180, guid: f55de7cd1196fbd66988d62688020c27, type: 3}
      propertyPath: m_LocalPosition.z
      value: 0
      objectReference: {fileID: 0}
    - target: {fileID: 6833165371160632180, guid: f55de7cd1196fbd66988d62688020c27, type: 3}
      propertyPath: m_LocalRotation.x
      value: 0
      objectReference: {fileID: 0}
    - target: {fileID: 6833165371160632180, guid: f55de7cd1196fbd66988d62688020c27, type: 3}
      propertyPath: m_LocalRotation.y
      value: 0
      objectReference: {fileID: 0}
    - target: {fileID: 6833165371160632180, guid: f55de7cd1196fbd66988d62688020c27, type: 3}
      propertyPath: m_LocalRotation.z
      value: 0
      objectReference: {fileID: 0}
    - target: {fileID: 6833165371160632180, guid: f55de7cd1196fbd66988d62688020c27, type: 3}
      propertyPath: m_LocalRotation.w
      value: 1
      objectReference: {fileID: 0}
    - target: {fileID: 6833165371160632180, guid: f55de7cd1196fbd66988d62688020c27, type: 3}
      propertyPath: m_RootOrder
      value: 0
      objectReference: {fileID: 0}
    - target: {fileID: 6833165371160632180, guid: f55de7cd1196fbd66988d62688020c27, type: 3}
      propertyPath: m_LocalEulerAnglesHint.x
      value: 0
      objectReference: {fileID: 0}
    - target: {fileID: 6833165371160632180, guid: f55de7cd1196fbd66988d62688020c27, type: 3}
      propertyPath: m_LocalEulerAnglesHint.y
      value: 0
      objectReference: {fileID: 0}
    - target: {fileID: 6833165371160632180, guid: f55de7cd1196fbd66988d62688020c27, type: 3}
      propertyPath: m_LocalEulerAnglesHint.z
      value: 0
      objectReference: {fileID: 0}
    m_RemovedComponents: []
  m_SourcePrefab: {fileID: 100100000, guid: f55de7cd1196fbd66988d62688020c27, type: 3}
--- !u!4 &704468935662172665 stripped
Transform:
  m_CorrespondingSourceObject: {fileID: 6833165371160632180, guid: f55de7cd1196fbd66988d62688020c27, type: 3}
  m_PrefabInstance: {fileID: 6274219549839024781}
  m_PrefabAsset: {fileID: 0}
--- !u!1001 &8611032289043241980
PrefabInstance:
  m_ObjectHideFlags: 0
  serializedVersion: 2
  m_Modification:
    m_TransformParent: {fileID: 8685859942173236702}
    m_Modifications:
    - target: {fileID: 5780448410390506867, guid: 25c1b556f8679c432b1beea488655020, type: 3}
      propertyPath: m_Enabled
      value: 0
      objectReference: {fileID: 0}
    - target: {fileID: 6444193221772299104, guid: 25c1b556f8679c432b1beea488655020, type: 3}
      propertyPath: m_Enabled
      value: 0
      objectReference: {fileID: 0}
    - target: {fileID: 7407427228435011832, guid: 25c1b556f8679c432b1beea488655020, type: 3}
      propertyPath: m_Name
      value: AllStone2x2
      objectReference: {fileID: 0}
    - target: {fileID: 8936830152494144604, guid: 25c1b556f8679c432b1beea488655020, type: 3}
      propertyPath: m_LocalPosition.x
      value: 0
      objectReference: {fileID: 0}
    - target: {fileID: 8936830152494144604, guid: 25c1b556f8679c432b1beea488655020, type: 3}
      propertyPath: m_LocalPosition.y
      value: -1
      objectReference: {fileID: 0}
    - target: {fileID: 8936830152494144604, guid: 25c1b556f8679c432b1beea488655020, type: 3}
      propertyPath: m_LocalPosition.z
      value: 0
      objectReference: {fileID: 0}
    - target: {fileID: 8936830152494144604, guid: 25c1b556f8679c432b1beea488655020, type: 3}
      propertyPath: m_LocalRotation.x
      value: 0
      objectReference: {fileID: 0}
    - target: {fileID: 8936830152494144604, guid: 25c1b556f8679c432b1beea488655020, type: 3}
      propertyPath: m_LocalRotation.y
      value: 0
      objectReference: {fileID: 0}
    - target: {fileID: 8936830152494144604, guid: 25c1b556f8679c432b1beea488655020, type: 3}
      propertyPath: m_LocalRotation.z
      value: 0
      objectReference: {fileID: 0}
    - target: {fileID: 8936830152494144604, guid: 25c1b556f8679c432b1beea488655020, type: 3}
      propertyPath: m_LocalRotation.w
      value: 1
      objectReference: {fileID: 0}
    - target: {fileID: 8936830152494144604, guid: 25c1b556f8679c432b1beea488655020, type: 3}
      propertyPath: m_RootOrder
      value: 1
      objectReference: {fileID: 0}
    - target: {fileID: 8936830152494144604, guid: 25c1b556f8679c432b1beea488655020, type: 3}
      propertyPath: m_LocalEulerAnglesHint.x
      value: 0
      objectReference: {fileID: 0}
    - target: {fileID: 8936830152494144604, guid: 25c1b556f8679c432b1beea488655020, type: 3}
      propertyPath: m_LocalEulerAnglesHint.y
      value: 0
      objectReference: {fileID: 0}
    - target: {fileID: 8936830152494144604, guid: 25c1b556f8679c432b1beea488655020, type: 3}
      propertyPath: m_LocalEulerAnglesHint.z
      value: 0
      objectReference: {fileID: 0}
    m_RemovedComponents: []
  m_SourcePrefab: {fileID: 100100000, guid: 25c1b556f8679c432b1beea488655020, type: 3}
--- !u!4 &830201178502367136 stripped
Transform:
  m_CorrespondingSourceObject: {fileID: 8936830152494144604, guid: 25c1b556f8679c432b1beea488655020, type: 3}
  m_PrefabInstance: {fileID: 8611032289043241980}
  m_PrefabAsset: {fileID: 0}
