%YAML 1.1
%TAG !u! tag:unity3d.com,2011:
--- !u!1 &1945298786488116814
GameObject:
  m_ObjectHideFlags: 0
  m_CorrespondingSourceObject: {fileID: 0}
  m_PrefabInstance: {fileID: 0}
  m_PrefabAsset: {fileID: 0}
  serializedVersion: 6
  m_Component:
  - component: {fileID: 7409195447003194632}
  m_Layer: 0
  m_Name: AllStone8x8
  m_TagString: Untagged
  m_Icon: {fileID: 0}
  m_NavMeshLayer: 0
  m_StaticEditorFlags: 0
  m_IsActive: 1
--- !u!4 &7409195447003194632
Transform:
  m_ObjectHideFlags: 0
  m_CorrespondingSourceObject: {fileID: 0}
  m_PrefabInstance: {fileID: 0}
  m_PrefabAsset: {fileID: 0}
  m_GameObject: {fileID: 1945298786488116814}
  m_LocalRotation: {x: 0, y: 0, z: 0, w: 1}
  m_LocalPosition: {x: 0, y: 0, z: 0}
  m_LocalScale: {x: 1, y: 1, z: 1}
  m_Children:
  - {fileID: 8077357477787971295}
  - {fileID: 1109377064288029918}
  - {fileID: 6537337526238140037}
  m_Father: {fileID: 0}
  m_RootOrder: 0
  m_LocalEulerAnglesHint: {x: 0, y: 0, z: 0}
--- !u!1001 &1895819117879459628
PrefabInstance:
  m_ObjectHideFlags: 0
  serializedVersion: 2
  m_Modification:
    m_TransformParent: {fileID: 7409195447003194632}
    m_Modifications:
    - target: {fileID: 1201532205024537156, guid: 20bd0f58e29c3f8e499f0e0c9a67a620, type: 3}
      propertyPath: m_Enabled
      value: 0
      objectReference: {fileID: 0}
    - target: {fileID: 1525033616823022578, guid: 20bd0f58e29c3f8e499f0e0c9a67a620, type: 3}
      propertyPath: m_LocalPosition.x
      value: 0
      objectReference: {fileID: 0}
    - target: {fileID: 1525033616823022578, guid: 20bd0f58e29c3f8e499f0e0c9a67a620, type: 3}
      propertyPath: m_LocalPosition.y
      value: -1
      objectReference: {fileID: 0}
    - target: {fileID: 1525033616823022578, guid: 20bd0f58e29c3f8e499f0e0c9a67a620, type: 3}
      propertyPath: m_LocalPosition.z
      value: 0
      objectReference: {fileID: 0}
    - target: {fileID: 1525033616823022578, guid: 20bd0f58e29c3f8e499f0e0c9a67a620, type: 3}
      propertyPath: m_LocalRotation.x
      value: 0
      objectReference: {fileID: 0}
    - target: {fileID: 1525033616823022578, guid: 20bd0f58e29c3f8e499f0e0c9a67a620, type: 3}
      propertyPath: m_LocalRotation.y
      value: 0
      objectReference: {fileID: 0}
    - target: {fileID: 1525033616823022578, guid: 20bd0f58e29c3f8e499f0e0c9a67a620, type: 3}
      propertyPath: m_LocalRotation.z
      value: 0
      objectReference: {fileID: 0}
    - target: {fileID: 1525033616823022578, guid: 20bd0f58e29c3f8e499f0e0c9a67a620, type: 3}
      propertyPath: m_LocalRotation.w
      value: 1
      objectReference: {fileID: 0}
    - target: {fileID: 1525033616823022578, guid: 20bd0f58e29c3f8e499f0e0c9a67a620, type: 3}
      propertyPath: m_RootOrder
      value: 1
      objectReference: {fileID: 0}
    - target: {fileID: 1525033616823022578, guid: 20bd0f58e29c3f8e499f0e0c9a67a620, type: 3}
      propertyPath: m_LocalEulerAnglesHint.x
      value: 0
      objectReference: {fileID: 0}
    - target: {fileID: 1525033616823022578, guid: 20bd0f58e29c3f8e499f0e0c9a67a620, type: 3}
      propertyPath: m_LocalEulerAnglesHint.y
      value: 0
      objectReference: {fileID: 0}
    - target: {fileID: 1525033616823022578, guid: 20bd0f58e29c3f8e499f0e0c9a67a620, type: 3}
      propertyPath: m_LocalEulerAnglesHint.z
      value: 0
      objectReference: {fileID: 0}
    - target: {fileID: 2345135806681165482, guid: 20bd0f58e29c3f8e499f0e0c9a67a620, type: 3}
      propertyPath: m_Enabled
      value: 0
      objectReference: {fileID: 0}
    - target: {fileID: 5311115021589288027, guid: 20bd0f58e29c3f8e499f0e0c9a67a620, type: 3}
      propertyPath: m_Name
      value: AllStone8x2
      objectReference: {fileID: 0}
    m_RemovedComponents: []
  m_SourcePrefab: {fileID: 100100000, guid: 20bd0f58e29c3f8e499f0e0c9a67a620, type: 3}
--- !u!4 &1109377064288029918 stripped
Transform:
  m_CorrespondingSourceObject: {fileID: 1525033616823022578, guid: 20bd0f58e29c3f8e499f0e0c9a67a620, type: 3}
  m_PrefabInstance: {fileID: 1895819117879459628}
  m_PrefabAsset: {fileID: 0}
--- !u!1001 &4375256188762301885
PrefabInstance:
  m_ObjectHideFlags: 0
  serializedVersion: 2
  m_Modification:
    m_TransformParent: {fileID: 7409195447003194632}
    m_Modifications:
    - target: {fileID: 161275624740533259, guid: e40113f257ca9d760a55e476f84572d3, type: 3}
      propertyPath: m_Enabled
      value: 0
      objectReference: {fileID: 0}
    - target: {fileID: 3610722417313116389, guid: e40113f257ca9d760a55e476f84572d3, type: 3}
      propertyPath: m_Enabled
      value: 0
      objectReference: {fileID: 0}
    - target: {fileID: 3769378633342933609, guid: e40113f257ca9d760a55e476f84572d3, type: 3}
      propertyPath: m_Name
      value: AllStone8x5
      objectReference: {fileID: 0}
    - target: {fileID: 7350228130235216696, guid: e40113f257ca9d760a55e476f84572d3, type: 3}
      propertyPath: m_LocalPosition.x
      value: 0
      objectReference: {fileID: 0}
    - target: {fileID: 7350228130235216696, guid: e40113f257ca9d760a55e476f84572d3, type: 3}
      propertyPath: m_LocalPosition.y
      value: -3
      objectReference: {fileID: 0}
    - target: {fileID: 7350228130235216696, guid: e40113f257ca9d760a55e476f84572d3, type: 3}
      propertyPath: m_LocalPosition.z
      value: 0
      objectReference: {fileID: 0}
    - target: {fileID: 7350228130235216696, guid: e40113f257ca9d760a55e476f84572d3, type: 3}
      propertyPath: m_LocalRotation.x
      value: 0
      objectReference: {fileID: 0}
    - target: {fileID: 7350228130235216696, guid: e40113f257ca9d760a55e476f84572d3, type: 3}
      propertyPath: m_LocalRotation.y
      value: 0
      objectReference: {fileID: 0}
    - target: {fileID: 7350228130235216696, guid: e40113f257ca9d760a55e476f84572d3, type: 3}
      propertyPath: m_LocalRotation.z
      value: 0
      objectReference: {fileID: 0}
    - target: {fileID: 7350228130235216696, guid: e40113f257ca9d760a55e476f84572d3, type: 3}
      propertyPath: m_LocalRotation.w
      value: 1
      objectReference: {fileID: 0}
    - target: {fileID: 7350228130235216696, guid: e40113f257ca9d760a55e476f84572d3, type: 3}
      propertyPath: m_RootOrder
      value: 2
      objectReference: {fileID: 0}
    - target: {fileID: 7350228130235216696, guid: e40113f257ca9d760a55e476f84572d3, type: 3}
      propertyPath: m_LocalEulerAnglesHint.x
      value: 0
      objectReference: {fileID: 0}
    - target: {fileID: 7350228130235216696, guid: e40113f257ca9d760a55e476f84572d3, type: 3}
      propertyPath: m_LocalEulerAnglesHint.y
      value: 0
      objectReference: {fileID: 0}
    - target: {fileID: 7350228130235216696, guid: e40113f257ca9d760a55e476f84572d3, type: 3}
      propertyPath: m_LocalEulerAnglesHint.z
      value: 0
      objectReference: {fileID: 0}
    m_RemovedComponents: []
  m_SourcePrefab: {fileID: 100100000, guid: e40113f257ca9d760a55e476f84572d3, type: 3}
--- !u!4 &6537337526238140037 stripped
Transform:
  m_CorrespondingSourceObject: {fileID: 7350228130235216696, guid: e40113f257ca9d760a55e476f84572d3, type: 3}
  m_PrefabInstance: {fileID: 4375256188762301885}
  m_PrefabAsset: {fileID: 0}
--- !u!1001 &6618608625685228504
PrefabInstance:
  m_ObjectHideFlags: 0
  serializedVersion: 2
  m_Modification:
    m_TransformParent: {fileID: 7409195447003194632}
    m_Modifications:
    - target: {fileID: 3153237372261909767, guid: 137063d9d60c8b8c7924c63aa4f76dff, type: 3}
      propertyPath: m_LocalPosition.x
      value: 0
      objectReference: {fileID: 0}
    - target: {fileID: 3153237372261909767, guid: 137063d9d60c8b8c7924c63aa4f76dff, type: 3}
      propertyPath: m_LocalPosition.y
      value: 0
      objectReference: {fileID: 0}
    - target: {fileID: 3153237372261909767, guid: 137063d9d60c8b8c7924c63aa4f76dff, type: 3}
      propertyPath: m_LocalPosition.z
      value: 0
      objectReference: {fileID: 0}
    - target: {fileID: 3153237372261909767, guid: 137063d9d60c8b8c7924c63aa4f76dff, type: 3}
      propertyPath: m_LocalRotation.x
      value: 0
      objectReference: {fileID: 0}
    - target: {fileID: 3153237372261909767, guid: 137063d9d60c8b8c7924c63aa4f76dff, type: 3}
      propertyPath: m_LocalRotation.y
      value: 0
      objectReference: {fileID: 0}
    - target: {fileID: 3153237372261909767, guid: 137063d9d60c8b8c7924c63aa4f76dff, type: 3}
      propertyPath: m_LocalRotation.z
      value: 0
      objectReference: {fileID: 0}
    - target: {fileID: 3153237372261909767, guid: 137063d9d60c8b8c7924c63aa4f76dff, type: 3}
      propertyPath: m_LocalRotation.w
      value: 1
      objectReference: {fileID: 0}
    - target: {fileID: 3153237372261909767, guid: 137063d9d60c8b8c7924c63aa4f76dff, type: 3}
      propertyPath: m_RootOrder
      value: 0
      objectReference: {fileID: 0}
    - target: {fileID: 3153237372261909767, guid: 137063d9d60c8b8c7924c63aa4f76dff, type: 3}
      propertyPath: m_LocalEulerAnglesHint.x
      value: 0
      objectReference: {fileID: 0}
    - target: {fileID: 3153237372261909767, guid: 137063d9d60c8b8c7924c63aa4f76dff, type: 3}
      propertyPath: m_LocalEulerAnglesHint.y
      value: 0
      objectReference: {fileID: 0}
    - target: {fileID: 3153237372261909767, guid: 137063d9d60c8b8c7924c63aa4f76dff, type: 3}
      propertyPath: m_LocalEulerAnglesHint.z
      value: 0
      objectReference: {fileID: 0}
    - target: {fileID: 8407664236481468840, guid: 137063d9d60c8b8c7924c63aa4f76dff, type: 3}
      propertyPath: m_Name
      value: AllStone8x1
      objectReference: {fileID: 0}
    m_RemovedComponents: []
  m_SourcePrefab: {fileID: 100100000, guid: 137063d9d60c8b8c7924c63aa4f76dff, type: 3}
--- !u!4 &8077357477787971295 stripped
Transform:
  m_CorrespondingSourceObject: {fileID: 3153237372261909767, guid: 137063d9d60c8b8c7924c63aa4f76dff, type: 3}
  m_PrefabInstance: {fileID: 6618608625685228504}
  m_PrefabAsset: {fileID: 0}
