%YAML 1.1
%TAG !u! tag:unity3d.com,2011:
--- !u!1 &3340530545831713405
GameObject:
  m_ObjectHideFlags: 0
  m_CorrespondingSourceObject: {fileID: 0}
  m_PrefabInstance: {fileID: 0}
  m_PrefabAsset: {fileID: 0}
  serializedVersion: 6
  m_Component:
  - component: {fileID: 7641843422395009897}
  m_Layer: 0
  m_Name: AllStone4x8
  m_TagString: Untagged
  m_Icon: {fileID: 0}
  m_NavMeshLayer: 0
  m_StaticEditorFlags: 0
  m_IsActive: 1
--- !u!4 &7641843422395009897
Transform:
  m_ObjectHideFlags: 0
  m_CorrespondingSourceObject: {fileID: 0}
  m_PrefabInstance: {fileID: 0}
  m_PrefabAsset: {fileID: 0}
  m_GameObject: {fileID: 3340530545831713405}
  m_LocalRotation: {x: 0, y: 0, z: 0, w: 1}
  m_LocalPosition: {x: 0, y: 0, z: 0}
  m_LocalScale: {x: 1, y: 1, z: 1}
  m_Children:
  - {fileID: 2256723356766021536}
  - {fileID: 4182352039856068287}
  - {fileID: 4612845846079369096}
  m_Father: {fileID: 0}
  m_RootOrder: 0
  m_LocalEulerAnglesHint: {x: 0, y: 0, z: 0}
--- !u!1001 &381433728751209205
PrefabInstance:
  m_ObjectHideFlags: 0
  serializedVersion: 2
  m_Modification:
    m_TransformParent: {fileID: 7641843422395009897}
    m_Modifications:
    - target: {fileID: 252745084644058728, guid: 018b272d916d61dea8753c498a44b4db, type: 3}
      propertyPath: m_Enabled
      value: 0
      objectReference: {fileID: 0}
    - target: {fileID: 2724855658728850274, guid: 018b272d916d61dea8753c498a44b4db, type: 3}
      propertyPath: m_Enabled
      value: 0
      objectReference: {fileID: 0}
    - target: {fileID: 4558114453237914698, guid: 018b272d916d61dea8753c498a44b4db, type: 3}
      propertyPath: m_LocalPosition.x
      value: 0
      objectReference: {fileID: 0}
    - target: {fileID: 4558114453237914698, guid: 018b272d916d61dea8753c498a44b4db, type: 3}
      propertyPath: m_LocalPosition.y
      value: -1
      objectReference: {fileID: 0}
    - target: {fileID: 4558114453237914698, guid: 018b272d916d61dea8753c498a44b4db, type: 3}
      propertyPath: m_LocalPosition.z
      value: 0
      objectReference: {fileID: 0}
    - target: {fileID: 4558114453237914698, guid: 018b272d916d61dea8753c498a44b4db, type: 3}
      propertyPath: m_LocalRotation.x
      value: 0
      objectReference: {fileID: 0}
    - target: {fileID: 4558114453237914698, guid: 018b272d916d61dea8753c498a44b4db, type: 3}
      propertyPath: m_LocalRotation.y
      value: 0
      objectReference: {fileID: 0}
    - target: {fileID: 4558114453237914698, guid: 018b272d916d61dea8753c498a44b4db, type: 3}
      propertyPath: m_LocalRotation.z
      value: 0
      objectReference: {fileID: 0}
    - target: {fileID: 4558114453237914698, guid: 018b272d916d61dea8753c498a44b4db, type: 3}
      propertyPath: m_LocalRotation.w
      value: 1
      objectReference: {fileID: 0}
    - target: {fileID: 4558114453237914698, guid: 018b272d916d61dea8753c498a44b4db, type: 3}
      propertyPath: m_RootOrder
      value: 1
      objectReference: {fileID: 0}
    - target: {fileID: 4558114453237914698, guid: 018b272d916d61dea8753c498a44b4db, type: 3}
      propertyPath: m_LocalEulerAnglesHint.x
      value: 0
      objectReference: {fileID: 0}
    - target: {fileID: 4558114453237914698, guid: 018b272d916d61dea8753c498a44b4db, type: 3}
      propertyPath: m_LocalEulerAnglesHint.y
      value: 0
      objectReference: {fileID: 0}
    - target: {fileID: 4558114453237914698, guid: 018b272d916d61dea8753c498a44b4db, type: 3}
      propertyPath: m_LocalEulerAnglesHint.z
      value: 0
      objectReference: {fileID: 0}
    - target: {fileID: 4873353976737519079, guid: 018b272d916d61dea8753c498a44b4db, type: 3}
      propertyPath: m_Name
      value: AllStone4x2
      objectReference: {fileID: 0}
    m_RemovedComponents: []
  m_SourcePrefab: {fileID: 100100000, guid: 018b272d916d61dea8753c498a44b4db, type: 3}
--- !u!4 &4182352039856068287 stripped
Transform:
  m_CorrespondingSourceObject: {fileID: 4558114453237914698, guid: 018b272d916d61dea8753c498a44b4db, type: 3}
  m_PrefabInstance: {fileID: 381433728751209205}
  m_PrefabAsset: {fileID: 0}
--- !u!1001 &4162503122387330823
PrefabInstance:
  m_ObjectHideFlags: 0
  serializedVersion: 2
  m_Modification:
    m_TransformParent: {fileID: 7641843422395009897}
    m_Modifications:
    - target: {fileID: 2780220044771344551, guid: b4eaef7b7575284218232f880c12f446, type: 3}
      propertyPath: m_LocalPosition.x
      value: 0
      objectReference: {fileID: 0}
    - target: {fileID: 2780220044771344551, guid: b4eaef7b7575284218232f880c12f446, type: 3}
      propertyPath: m_LocalPosition.y
      value: 0
      objectReference: {fileID: 0}
    - target: {fileID: 2780220044771344551, guid: b4eaef7b7575284218232f880c12f446, type: 3}
      propertyPath: m_LocalPosition.z
      value: 0
      objectReference: {fileID: 0}
    - target: {fileID: 2780220044771344551, guid: b4eaef7b7575284218232f880c12f446, type: 3}
      propertyPath: m_LocalRotation.x
      value: 0
      objectReference: {fileID: 0}
    - target: {fileID: 2780220044771344551, guid: b4eaef7b7575284218232f880c12f446, type: 3}
      propertyPath: m_LocalRotation.y
      value: 0
      objectReference: {fileID: 0}
    - target: {fileID: 2780220044771344551, guid: b4eaef7b7575284218232f880c12f446, type: 3}
      propertyPath: m_LocalRotation.z
      value: 0
      objectReference: {fileID: 0}
    - target: {fileID: 2780220044771344551, guid: b4eaef7b7575284218232f880c12f446, type: 3}
      propertyPath: m_LocalRotation.w
      value: 1
      objectReference: {fileID: 0}
    - target: {fileID: 2780220044771344551, guid: b4eaef7b7575284218232f880c12f446, type: 3}
      propertyPath: m_RootOrder
      value: 0
      objectReference: {fileID: 0}
    - target: {fileID: 2780220044771344551, guid: b4eaef7b7575284218232f880c12f446, type: 3}
      propertyPath: m_LocalEulerAnglesHint.x
      value: 0
      objectReference: {fileID: 0}
    - target: {fileID: 2780220044771344551, guid: b4eaef7b7575284218232f880c12f446, type: 3}
      propertyPath: m_LocalEulerAnglesHint.y
      value: 0
      objectReference: {fileID: 0}
    - target: {fileID: 2780220044771344551, guid: b4eaef7b7575284218232f880c12f446, type: 3}
      propertyPath: m_LocalEulerAnglesHint.z
      value: 0
      objectReference: {fileID: 0}
    - target: {fileID: 3598847792858156889, guid: b4eaef7b7575284218232f880c12f446, type: 3}
      propertyPath: m_Name
      value: AllStone4x1
      objectReference: {fileID: 0}
    m_RemovedComponents: []
  m_SourcePrefab: {fileID: 100100000, guid: b4eaef7b7575284218232f880c12f446, type: 3}
--- !u!4 &2256723356766021536 stripped
Transform:
  m_CorrespondingSourceObject: {fileID: 2780220044771344551, guid: b4eaef7b7575284218232f880c12f446, type: 3}
  m_PrefabInstance: {fileID: 4162503122387330823}
  m_PrefabAsset: {fileID: 0}
--- !u!1001 &9202899001727965405
PrefabInstance:
  m_ObjectHideFlags: 0
  serializedVersion: 2
  m_Modification:
    m_TransformParent: {fileID: 7641843422395009897}
    m_Modifications:
    - target: {fileID: 665201164514120996, guid: bfabc8c8de2870fd695d6a43e13507fb, type: 3}
      propertyPath: m_Enabled
      value: 0
      objectReference: {fileID: 0}
    - target: {fileID: 2455611090184373953, guid: bfabc8c8de2870fd695d6a43e13507fb, type: 3}
      propertyPath: m_Name
      value: AllStone4x5
      objectReference: {fileID: 0}
    - target: {fileID: 3416555873401188398, guid: bfabc8c8de2870fd695d6a43e13507fb, type: 3}
      propertyPath: m_Enabled
      value: 0
      objectReference: {fileID: 0}
    - target: {fileID: 4590114946342762325, guid: bfabc8c8de2870fd695d6a43e13507fb, type: 3}
      propertyPath: m_LocalPosition.x
      value: 0
      objectReference: {fileID: 0}
    - target: {fileID: 4590114946342762325, guid: bfabc8c8de2870fd695d6a43e13507fb, type: 3}
      propertyPath: m_LocalPosition.y
      value: -3
      objectReference: {fileID: 0}
    - target: {fileID: 4590114946342762325, guid: bfabc8c8de2870fd695d6a43e13507fb, type: 3}
      propertyPath: m_LocalPosition.z
      value: 0
      objectReference: {fileID: 0}
    - target: {fileID: 4590114946342762325, guid: bfabc8c8de2870fd695d6a43e13507fb, type: 3}
      propertyPath: m_LocalRotation.x
      value: 0
      objectReference: {fileID: 0}
    - target: {fileID: 4590114946342762325, guid: bfabc8c8de2870fd695d6a43e13507fb, type: 3}
      propertyPath: m_LocalRotation.y
      value: 0
      objectReference: {fileID: 0}
    - target: {fileID: 4590114946342762325, guid: bfabc8c8de2870fd695d6a43e13507fb, type: 3}
      propertyPath: m_LocalRotation.z
      value: 0
      objectReference: {fileID: 0}
    - target: {fileID: 4590114946342762325, guid: bfabc8c8de2870fd695d6a43e13507fb, type: 3}
      propertyPath: m_LocalRotation.w
      value: 1
      objectReference: {fileID: 0}
    - target: {fileID: 4590114946342762325, guid: bfabc8c8de2870fd695d6a43e13507fb, type: 3}
      propertyPath: m_RootOrder
      value: 2
      objectReference: {fileID: 0}
    - target: {fileID: 4590114946342762325, guid: bfabc8c8de2870fd695d6a43e13507fb, type: 3}
      propertyPath: m_LocalEulerAnglesHint.x
      value: 0
      objectReference: {fileID: 0}
    - target: {fileID: 4590114946342762325, guid: bfabc8c8de2870fd695d6a43e13507fb, type: 3}
      propertyPath: m_LocalEulerAnglesHint.y
      value: 0
      objectReference: {fileID: 0}
    - target: {fileID: 4590114946342762325, guid: bfabc8c8de2870fd695d6a43e13507fb, type: 3}
      propertyPath: m_LocalEulerAnglesHint.z
      value: 0
      objectReference: {fileID: 0}
    m_RemovedComponents: []
  m_SourcePrefab: {fileID: 100100000, guid: bfabc8c8de2870fd695d6a43e13507fb, type: 3}
--- !u!4 &4612845846079369096 stripped
Transform:
  m_CorrespondingSourceObject: {fileID: 4590114946342762325, guid: bfabc8c8de2870fd695d6a43e13507fb, type: 3}
  m_PrefabInstance: {fileID: 9202899001727965405}
  m_PrefabAsset: {fileID: 0}
