%YAML 1.1
%TAG !u! tag:unity3d.com,2011:
--- !u!1 &3875095552387437616
GameObject:
  m_ObjectHideFlags: 0
  m_CorrespondingSourceObject: {fileID: 0}
  m_PrefabInstance: {fileID: 0}
  m_PrefabAsset: {fileID: 0}
  serializedVersion: 6
  m_Component:
  - component: {fileID: 2063533468805455942}
  m_Layer: 0
  m_Name: AllStone16x16
  m_TagString: Untagged
  m_Icon: {fileID: 0}
  m_NavMeshLayer: 0
  m_StaticEditorFlags: 0
  m_IsActive: 1
--- !u!4 &2063533468805455942
Transform:
  m_ObjectHideFlags: 0
  m_CorrespondingSourceObject: {fileID: 0}
  m_PrefabInstance: {fileID: 0}
  m_PrefabAsset: {fileID: 0}
  m_GameObject: {fileID: 3875095552387437616}
  m_LocalRotation: {x: 0, y: 0, z: 0, w: 1}
  m_LocalPosition: {x: 0, y: 0, z: 0}
  m_LocalScale: {x: 1, y: 1, z: 1}
  m_Children:
  - {fileID: 6868502941781661450}
  - {fileID: 2222190391154875855}
  - {fileID: 4216626460806824141}
  - {fileID: 8009346553406606233}
  m_Father: {fileID: 0}
  m_RootOrder: 0
  m_LocalEulerAnglesHint: {x: 0, y: 0, z: 0}
--- !u!1001 &3153463574017001615
PrefabInstance:
  m_ObjectHideFlags: 0
  serializedVersion: 2
  m_Modification:
    m_TransformParent: {fileID: 2063533468805455942}
    m_Modifications:
    - target: {fileID: 1102417721097404786, guid: ca3eb9b9c15c862d7a6b750009e1999c, type: 3}
      propertyPath: m_Name
      value: AllStone16x8
      objectReference: {fileID: 0}
    - target: {fileID: 1629810326451768547, guid: ca3eb9b9c15c862d7a6b750009e1999c, type: 3}
      propertyPath: m_Enabled
      value: 0
      objectReference: {fileID: 0}
    - target: {fileID: 4964567854044545814, guid: ca3eb9b9c15c862d7a6b750009e1999c, type: 3}
      propertyPath: m_LocalPosition.x
      value: 0
      objectReference: {fileID: 0}
    - target: {fileID: 4964567854044545814, guid: ca3eb9b9c15c862d7a6b750009e1999c, type: 3}
      propertyPath: m_LocalPosition.y
      value: -8
      objectReference: {fileID: 0}
    - target: {fileID: 4964567854044545814, guid: ca3eb9b9c15c862d7a6b750009e1999c, type: 3}
      propertyPath: m_LocalPosition.z
      value: 0
      objectReference: {fileID: 0}
    - target: {fileID: 4964567854044545814, guid: ca3eb9b9c15c862d7a6b750009e1999c, type: 3}
      propertyPath: m_LocalRotation.x
      value: 0
      objectReference: {fileID: 0}
    - target: {fileID: 4964567854044545814, guid: ca3eb9b9c15c862d7a6b750009e1999c, type: 3}
      propertyPath: m_LocalRotation.y
      value: 0
      objectReference: {fileID: 0}
    - target: {fileID: 4964567854044545814, guid: ca3eb9b9c15c862d7a6b750009e1999c, type: 3}
      propertyPath: m_LocalRotation.z
      value: 0
      objectReference: {fileID: 0}
    - target: {fileID: 4964567854044545814, guid: ca3eb9b9c15c862d7a6b750009e1999c, type: 3}
      propertyPath: m_LocalRotation.w
      value: 1
      objectReference: {fileID: 0}
    - target: {fileID: 4964567854044545814, guid: ca3eb9b9c15c862d7a6b750009e1999c, type: 3}
      propertyPath: m_RootOrder
      value: 3
      objectReference: {fileID: 0}
    - target: {fileID: 4964567854044545814, guid: ca3eb9b9c15c862d7a6b750009e1999c, type: 3}
      propertyPath: m_LocalEulerAnglesHint.x
      value: 0
      objectReference: {fileID: 0}
    - target: {fileID: 4964567854044545814, guid: ca3eb9b9c15c862d7a6b750009e1999c, type: 3}
      propertyPath: m_LocalEulerAnglesHint.y
      value: 0
      objectReference: {fileID: 0}
    - target: {fileID: 4964567854044545814, guid: ca3eb9b9c15c862d7a6b750009e1999c, type: 3}
      propertyPath: m_LocalEulerAnglesHint.z
      value: 0
      objectReference: {fileID: 0}
    - target: {fileID: 6493430607114899452, guid: ca3eb9b9c15c862d7a6b750009e1999c, type: 3}
      propertyPath: m_Enabled
      value: 0
      objectReference: {fileID: 0}
    m_RemovedComponents: []
  m_SourcePrefab: {fileID: 100100000, guid: ca3eb9b9c15c862d7a6b750009e1999c, type: 3}
--- !u!4 &8009346553406606233 stripped
Transform:
  m_CorrespondingSourceObject: {fileID: 4964567854044545814, guid: ca3eb9b9c15c862d7a6b750009e1999c, type: 3}
  m_PrefabInstance: {fileID: 3153463574017001615}
  m_PrefabAsset: {fileID: 0}
--- !u!1001 &5738830325668877401
PrefabInstance:
  m_ObjectHideFlags: 0
  serializedVersion: 2
  m_Modification:
    m_TransformParent: {fileID: 2063533468805455942}
    m_Modifications:
    - target: {fileID: 2613416805673275124, guid: 869894964bf4c1f9cb3f1b0a17bd4ebd, type: 3}
      propertyPath: m_Enabled
      value: 0
      objectReference: {fileID: 0}
    - target: {fileID: 5868935394982693270, guid: 869894964bf4c1f9cb3f1b0a17bd4ebd, type: 3}
      propertyPath: m_LocalPosition.x
      value: 0
      objectReference: {fileID: 0}
    - target: {fileID: 5868935394982693270, guid: 869894964bf4c1f9cb3f1b0a17bd4ebd, type: 3}
      propertyPath: m_LocalPosition.y
      value: -1
      objectReference: {fileID: 0}
    - target: {fileID: 5868935394982693270, guid: 869894964bf4c1f9cb3f1b0a17bd4ebd, type: 3}
      propertyPath: m_LocalPosition.z
      value: 0
      objectReference: {fileID: 0}
    - target: {fileID: 5868935394982693270, guid: 869894964bf4c1f9cb3f1b0a17bd4ebd, type: 3}
      propertyPath: m_LocalRotation.x
      value: 0
      objectReference: {fileID: 0}
    - target: {fileID: 5868935394982693270, guid: 869894964bf4c1f9cb3f1b0a17bd4ebd, type: 3}
      propertyPath: m_LocalRotation.y
      value: 0
      objectReference: {fileID: 0}
    - target: {fileID: 5868935394982693270, guid: 869894964bf4c1f9cb3f1b0a17bd4ebd, type: 3}
      propertyPath: m_LocalRotation.z
      value: 0
      objectReference: {fileID: 0}
    - target: {fileID: 5868935394982693270, guid: 869894964bf4c1f9cb3f1b0a17bd4ebd, type: 3}
      propertyPath: m_LocalRotation.w
      value: 1
      objectReference: {fileID: 0}
    - target: {fileID: 5868935394982693270, guid: 869894964bf4c1f9cb3f1b0a17bd4ebd, type: 3}
      propertyPath: m_RootOrder
      value: 1
      objectReference: {fileID: 0}
    - target: {fileID: 5868935394982693270, guid: 869894964bf4c1f9cb3f1b0a17bd4ebd, type: 3}
      propertyPath: m_LocalEulerAnglesHint.x
      value: 0
      objectReference: {fileID: 0}
    - target: {fileID: 5868935394982693270, guid: 869894964bf4c1f9cb3f1b0a17bd4ebd, type: 3}
      propertyPath: m_LocalEulerAnglesHint.y
      value: 0
      objectReference: {fileID: 0}
    - target: {fileID: 5868935394982693270, guid: 869894964bf4c1f9cb3f1b0a17bd4ebd, type: 3}
      propertyPath: m_LocalEulerAnglesHint.z
      value: 0
      objectReference: {fileID: 0}
    - target: {fileID: 6403076649089107750, guid: 869894964bf4c1f9cb3f1b0a17bd4ebd, type: 3}
      propertyPath: m_Name
      value: AllStone16x2
      objectReference: {fileID: 0}
    - target: {fileID: 7550227452805598699, guid: 869894964bf4c1f9cb3f1b0a17bd4ebd, type: 3}
      propertyPath: m_Enabled
      value: 0
      objectReference: {fileID: 0}
    m_RemovedComponents: []
  m_SourcePrefab: {fileID: 100100000, guid: 869894964bf4c1f9cb3f1b0a17bd4ebd, type: 3}
--- !u!4 &2222190391154875855 stripped
Transform:
  m_CorrespondingSourceObject: {fileID: 5868935394982693270, guid: 869894964bf4c1f9cb3f1b0a17bd4ebd, type: 3}
  m_PrefabInstance: {fileID: 5738830325668877401}
  m_PrefabAsset: {fileID: 0}
--- !u!1001 &7766592523009222944
PrefabInstance:
  m_ObjectHideFlags: 0
  serializedVersion: 2
  m_Modification:
    m_TransformParent: {fileID: 2063533468805455942}
    m_Modifications:
    - target: {fileID: 3790247242140778026, guid: 28638880346a1cc83ad1ee7a605cce62, type: 3}
      propertyPath: m_LocalPosition.x
      value: 0
      objectReference: {fileID: 0}
    - target: {fileID: 3790247242140778026, guid: 28638880346a1cc83ad1ee7a605cce62, type: 3}
      propertyPath: m_LocalPosition.y
      value: 0
      objectReference: {fileID: 0}
    - target: {fileID: 3790247242140778026, guid: 28638880346a1cc83ad1ee7a605cce62, type: 3}
      propertyPath: m_LocalPosition.z
      value: 0
      objectReference: {fileID: 0}
    - target: {fileID: 3790247242140778026, guid: 28638880346a1cc83ad1ee7a605cce62, type: 3}
      propertyPath: m_LocalRotation.x
      value: 0
      objectReference: {fileID: 0}
    - target: {fileID: 3790247242140778026, guid: 28638880346a1cc83ad1ee7a605cce62, type: 3}
      propertyPath: m_LocalRotation.y
      value: 0
      objectReference: {fileID: 0}
    - target: {fileID: 3790247242140778026, guid: 28638880346a1cc83ad1ee7a605cce62, type: 3}
      propertyPath: m_LocalRotation.z
      value: 0
      objectReference: {fileID: 0}
    - target: {fileID: 3790247242140778026, guid: 28638880346a1cc83ad1ee7a605cce62, type: 3}
      propertyPath: m_LocalRotation.w
      value: 1
      objectReference: {fileID: 0}
    - target: {fileID: 3790247242140778026, guid: 28638880346a1cc83ad1ee7a605cce62, type: 3}
      propertyPath: m_RootOrder
      value: 0
      objectReference: {fileID: 0}
    - target: {fileID: 3790247242140778026, guid: 28638880346a1cc83ad1ee7a605cce62, type: 3}
      propertyPath: m_LocalEulerAnglesHint.x
      value: 0
      objectReference: {fileID: 0}
    - target: {fileID: 3790247242140778026, guid: 28638880346a1cc83ad1ee7a605cce62, type: 3}
      propertyPath: m_LocalEulerAnglesHint.y
      value: 0
      objectReference: {fileID: 0}
    - target: {fileID: 3790247242140778026, guid: 28638880346a1cc83ad1ee7a605cce62, type: 3}
      propertyPath: m_LocalEulerAnglesHint.z
      value: 0
      objectReference: {fileID: 0}
    - target: {fileID: 5117217867374175878, guid: 28638880346a1cc83ad1ee7a605cce62, type: 3}
      propertyPath: m_Name
      value: AllStone16x1
      objectReference: {fileID: 0}
    m_RemovedComponents: []
  m_SourcePrefab: {fileID: 100100000, guid: 28638880346a1cc83ad1ee7a605cce62, type: 3}
--- !u!4 &6868502941781661450 stripped
Transform:
  m_CorrespondingSourceObject: {fileID: 3790247242140778026, guid: 28638880346a1cc83ad1ee7a605cce62, type: 3}
  m_PrefabInstance: {fileID: 7766592523009222944}
  m_PrefabAsset: {fileID: 0}
--- !u!1001 &8556090954950284525
PrefabInstance:
  m_ObjectHideFlags: 0
  serializedVersion: 2
  m_Modification:
    m_TransformParent: {fileID: 2063533468805455942}
    m_Modifications:
    - target: {fileID: 21771858254900428, guid: 2034411a110061465a589f9524a84772, type: 3}
      propertyPath: m_Name
      value: AllStone16x5
      objectReference: {fileID: 0}
    - target: {fileID: 3771003531949369325, guid: 2034411a110061465a589f9524a84772, type: 3}
      propertyPath: m_Enabled
      value: 0
      objectReference: {fileID: 0}
    - target: {fileID: 5492456442933400608, guid: 2034411a110061465a589f9524a84772, type: 3}
      propertyPath: m_LocalPosition.x
      value: 0
      objectReference: {fileID: 0}
    - target: {fileID: 5492456442933400608, guid: 2034411a110061465a589f9524a84772, type: 3}
      propertyPath: m_LocalPosition.y
      value: -3
      objectReference: {fileID: 0}
    - target: {fileID: 5492456442933400608, guid: 2034411a110061465a589f9524a84772, type: 3}
      propertyPath: m_LocalPosition.z
      value: 0
      objectReference: {fileID: 0}
    - target: {fileID: 5492456442933400608, guid: 2034411a110061465a589f9524a84772, type: 3}
      propertyPath: m_LocalRotation.x
      value: 0
      objectReference: {fileID: 0}
    - target: {fileID: 5492456442933400608, guid: 2034411a110061465a589f9524a84772, type: 3}
      propertyPath: m_LocalRotation.y
      value: 0
      objectReference: {fileID: 0}
    - target: {fileID: 5492456442933400608, guid: 2034411a110061465a589f9524a84772, type: 3}
      propertyPath: m_LocalRotation.z
      value: 0
      objectReference: {fileID: 0}
    - target: {fileID: 5492456442933400608, guid: 2034411a110061465a589f9524a84772, type: 3}
      propertyPath: m_LocalRotation.w
      value: 1
      objectReference: {fileID: 0}
    - target: {fileID: 5492456442933400608, guid: 2034411a110061465a589f9524a84772, type: 3}
      propertyPath: m_RootOrder
      value: 2
      objectReference: {fileID: 0}
    - target: {fileID: 5492456442933400608, guid: 2034411a110061465a589f9524a84772, type: 3}
      propertyPath: m_LocalEulerAnglesHint.x
      value: 0
      objectReference: {fileID: 0}
    - target: {fileID: 5492456442933400608, guid: 2034411a110061465a589f9524a84772, type: 3}
      propertyPath: m_LocalEulerAnglesHint.y
      value: 0
      objectReference: {fileID: 0}
    - target: {fileID: 5492456442933400608, guid: 2034411a110061465a589f9524a84772, type: 3}
      propertyPath: m_LocalEulerAnglesHint.z
      value: 0
      objectReference: {fileID: 0}
    - target: {fileID: 8707209442837767410, guid: 2034411a110061465a589f9524a84772, type: 3}
      propertyPath: m_Enabled
      value: 0
      objectReference: {fileID: 0}
    m_RemovedComponents: []
  m_SourcePrefab: {fileID: 100100000, guid: 2034411a110061465a589f9524a84772, type: 3}
--- !u!4 &4216626460806824141 stripped
Transform:
  m_CorrespondingSourceObject: {fileID: 5492456442933400608, guid: 2034411a110061465a589f9524a84772, type: 3}
  m_PrefabInstance: {fileID: 8556090954950284525}
  m_PrefabAsset: {fileID: 0}
