%YAML 1.1
%TAG !u! tag:unity3d.com,2011:
--- !u!1 &3059930409541507518
GameObject:
  m_ObjectHideFlags: 0
  m_CorrespondingSourceObject: {fileID: 0}
  m_PrefabInstance: {fileID: 0}
  m_PrefabAsset: {fileID: 0}
  serializedVersion: 6
  m_Component:
  - component: {fileID: 4652434258228625579}
  m_Layer: 0
  m_Name: Loch
  m_TagString: Untagged
  m_Icon: {fileID: 0}
  m_NavMeshLayer: 0
  m_StaticEditorFlags: 0
  m_IsActive: 1
--- !u!4 &4652434258228625579
Transform:
  m_ObjectHideFlags: 0
  m_CorrespondingSourceObject: {fileID: 0}
  m_PrefabInstance: {fileID: 0}
  m_PrefabAsset: {fileID: 0}
  m_GameObject: {fileID: 3059930409541507518}
  m_LocalRotation: {x: 0, y: 0, z: 0, w: 1}
  m_LocalPosition: {x: 0, y: 0, z: 0}
  m_LocalScale: {x: 1, y: 1, z: 1}
  m_Children:
  - {fileID: 3198232135951258335}
  - {fileID: 3783000714810725402}
  - {fileID: 3783000713294900166}
  - {fileID: 3198232135049068305}
  m_Father: {fileID: 0}
  m_RootOrder: 0
  m_LocalEulerAnglesHint: {x: 0, y: 0, z: 0}
--- !u!1001 &1916513790931361573
PrefabInstance:
  m_ObjectHideFlags: 0
  serializedVersion: 2
  m_Modification:
    m_TransformParent: {fileID: 4652434258228625579}
    m_Modifications:
    - target: {fileID: 3379731862238677823, guid: 572ccf6a8f4b9100fa960ef312a82454, type: 3}
      propertyPath: m_LocalPosition.x
      value: 8.56
      objectReference: {fileID: 0}
    - target: {fileID: 3379731862238677823, guid: 572ccf6a8f4b9100fa960ef312a82454, type: 3}
      propertyPath: m_LocalPosition.y
      value: -4.5
      objectReference: {fileID: 0}
    - target: {fileID: 3379731862238677823, guid: 572ccf6a8f4b9100fa960ef312a82454, type: 3}
      propertyPath: m_LocalPosition.z
      value: -21
      objectReference: {fileID: 0}
    - target: {fileID: 3379731862238677823, guid: 572ccf6a8f4b9100fa960ef312a82454, type: 3}
      propertyPath: m_LocalRotation.x
      value: -0
      objectReference: {fileID: 0}
    - target: {fileID: 3379731862238677823, guid: 572ccf6a8f4b9100fa960ef312a82454, type: 3}
      propertyPath: m_LocalRotation.y
      value: -0
      objectReference: {fileID: 0}
    - target: {fileID: 3379731862238677823, guid: 572ccf6a8f4b9100fa960ef312a82454, type: 3}
      propertyPath: m_LocalRotation.z
      value: -0
      objectReference: {fileID: 0}
    - target: {fileID: 3379731862238677823, guid: 572ccf6a8f4b9100fa960ef312a82454, type: 3}
      propertyPath: m_LocalRotation.w
      value: 1
      objectReference: {fileID: 0}
    - target: {fileID: 3379731862238677823, guid: 572ccf6a8f4b9100fa960ef312a82454, type: 3}
      propertyPath: m_RootOrder
      value: 1
      objectReference: {fileID: 0}
    - target: {fileID: 3379731862238677823, guid: 572ccf6a8f4b9100fa960ef312a82454, type: 3}
      propertyPath: m_LocalEulerAnglesHint.x
      value: 0
      objectReference: {fileID: 0}
    - target: {fileID: 3379731862238677823, guid: 572ccf6a8f4b9100fa960ef312a82454, type: 3}
      propertyPath: m_LocalEulerAnglesHint.y
      value: 0
      objectReference: {fileID: 0}
    - target: {fileID: 3379731862238677823, guid: 572ccf6a8f4b9100fa960ef312a82454, type: 3}
      propertyPath: m_LocalEulerAnglesHint.z
      value: 0
      objectReference: {fileID: 0}
    - target: {fileID: 5957764252715134088, guid: 572ccf6a8f4b9100fa960ef312a82454, type: 3}
      propertyPath: m_Name
      value: Moos4x16
      objectReference: {fileID: 0}
    - target: {fileID: 6819918066154667523, guid: 572ccf6a8f4b9100fa960ef312a82454, type: 3}
      propertyPath: m_Enabled
      value: 0
      objectReference: {fileID: 0}
    m_RemovedComponents: []
  m_SourcePrefab: {fileID: 100100000, guid: 572ccf6a8f4b9100fa960ef312a82454, type: 3}
--- !u!4 &3783000714810725402 stripped
Transform:
  m_CorrespondingSourceObject: {fileID: 3379731862238677823, guid: 572ccf6a8f4b9100fa960ef312a82454, type: 3}
  m_PrefabInstance: {fileID: 1916513790931361573}
  m_PrefabAsset: {fileID: 0}
--- !u!1001 &1916513791868156747
PrefabInstance:
  m_ObjectHideFlags: 0
  serializedVersion: 2
  m_Modification:
    m_TransformParent: {fileID: 4652434258228625579}
    m_Modifications:
    - target: {fileID: 3961676792299596180, guid: 9ec74da92fcd5e1899af337db686e98f, type: 3}
      propertyPath: m_LocalPosition.x
      value: 2.56
      objectReference: {fileID: 0}
    - target: {fileID: 3961676792299596180, guid: 9ec74da92fcd5e1899af337db686e98f, type: 3}
      propertyPath: m_LocalPosition.y
      value: -4.5
      objectReference: {fileID: 0}
    - target: {fileID: 3961676792299596180, guid: 9ec74da92fcd5e1899af337db686e98f, type: 3}
      propertyPath: m_LocalPosition.z
      value: -20
      objectReference: {fileID: 0}
    - target: {fileID: 3961676792299596180, guid: 9ec74da92fcd5e1899af337db686e98f, type: 3}
      propertyPath: m_LocalRotation.x
      value: -0
      objectReference: {fileID: 0}
    - target: {fileID: 3961676792299596180, guid: 9ec74da92fcd5e1899af337db686e98f, type: 3}
      propertyPath: m_LocalRotation.y
      value: -0
      objectReference: {fileID: 0}
    - target: {fileID: 3961676792299596180, guid: 9ec74da92fcd5e1899af337db686e98f, type: 3}
      propertyPath: m_LocalRotation.z
      value: -0
      objectReference: {fileID: 0}
    - target: {fileID: 3961676792299596180, guid: 9ec74da92fcd5e1899af337db686e98f, type: 3}
      propertyPath: m_LocalRotation.w
      value: 1
      objectReference: {fileID: 0}
    - target: {fileID: 3961676792299596180, guid: 9ec74da92fcd5e1899af337db686e98f, type: 3}
      propertyPath: m_RootOrder
      value: 0
      objectReference: {fileID: 0}
    - target: {fileID: 3961676792299596180, guid: 9ec74da92fcd5e1899af337db686e98f, type: 3}
      propertyPath: m_LocalEulerAnglesHint.x
      value: 0
      objectReference: {fileID: 0}
    - target: {fileID: 3961676792299596180, guid: 9ec74da92fcd5e1899af337db686e98f, type: 3}
      propertyPath: m_LocalEulerAnglesHint.y
      value: 0
      objectReference: {fileID: 0}
    - target: {fileID: 3961676792299596180, guid: 9ec74da92fcd5e1899af337db686e98f, type: 3}
      propertyPath: m_LocalEulerAnglesHint.z
      value: 0
      objectReference: {fileID: 0}
    - target: {fileID: 5927135904625195395, guid: 9ec74da92fcd5e1899af337db686e98f, type: 3}
      propertyPath: m_Name
      value: Moos8x16
      objectReference: {fileID: 0}
    m_RemovedComponents: []
  m_SourcePrefab: {fileID: 100100000, guid: 9ec74da92fcd5e1899af337db686e98f, type: 3}
--- !u!4 &3198232135951258335 stripped
Transform:
  m_CorrespondingSourceObject: {fileID: 3961676792299596180, guid: 9ec74da92fcd5e1899af337db686e98f, type: 3}
  m_PrefabInstance: {fileID: 1916513791868156747}
  m_PrefabAsset: {fileID: 0}
--- !u!1001 &1916513792350724345
PrefabInstance:
  m_ObjectHideFlags: 0
  serializedVersion: 2
  m_Modification:
    m_TransformParent: {fileID: 4652434258228625579}
    m_Modifications:
    - target: {fileID: 402208270277797566, guid: 572ccf6a8f4b9100fa960ef312a82454, type: 3}
      propertyPath: m_Enabled
      value: 0
      objectReference: {fileID: 0}
    - target: {fileID: 2577644285825483700, guid: 572ccf6a8f4b9100fa960ef312a82454, type: 3}
      propertyPath: m_Enabled
      value: 0
      objectReference: {fileID: 0}
    - target: {fileID: 3379731862238677823, guid: 572ccf6a8f4b9100fa960ef312a82454, type: 3}
      propertyPath: m_LocalPosition.x
      value: 8.56
      objectReference: {fileID: 0}
    - target: {fileID: 3379731862238677823, guid: 572ccf6a8f4b9100fa960ef312a82454, type: 3}
      propertyPath: m_LocalPosition.y
      value: -4.5
      objectReference: {fileID: 0}
    - target: {fileID: 3379731862238677823, guid: 572ccf6a8f4b9100fa960ef312a82454, type: 3}
      propertyPath: m_LocalPosition.z
      value: -19
      objectReference: {fileID: 0}
    - target: {fileID: 3379731862238677823, guid: 572ccf6a8f4b9100fa960ef312a82454, type: 3}
      propertyPath: m_LocalRotation.x
      value: -0
      objectReference: {fileID: 0}
    - target: {fileID: 3379731862238677823, guid: 572ccf6a8f4b9100fa960ef312a82454, type: 3}
      propertyPath: m_LocalRotation.y
      value: -0
      objectReference: {fileID: 0}
    - target: {fileID: 3379731862238677823, guid: 572ccf6a8f4b9100fa960ef312a82454, type: 3}
      propertyPath: m_LocalRotation.z
      value: -0
      objectReference: {fileID: 0}
    - target: {fileID: 3379731862238677823, guid: 572ccf6a8f4b9100fa960ef312a82454, type: 3}
      propertyPath: m_LocalRotation.w
      value: 1
      objectReference: {fileID: 0}
    - target: {fileID: 3379731862238677823, guid: 572ccf6a8f4b9100fa960ef312a82454, type: 3}
      propertyPath: m_RootOrder
      value: 2
      objectReference: {fileID: 0}
    - target: {fileID: 3379731862238677823, guid: 572ccf6a8f4b9100fa960ef312a82454, type: 3}
      propertyPath: m_LocalEulerAnglesHint.x
      value: 0
      objectReference: {fileID: 0}
    - target: {fileID: 3379731862238677823, guid: 572ccf6a8f4b9100fa960ef312a82454, type: 3}
      propertyPath: m_LocalEulerAnglesHint.y
      value: 0
      objectReference: {fileID: 0}
    - target: {fileID: 3379731862238677823, guid: 572ccf6a8f4b9100fa960ef312a82454, type: 3}
      propertyPath: m_LocalEulerAnglesHint.z
      value: 0
      objectReference: {fileID: 0}
    - target: {fileID: 5225452498057492336, guid: 572ccf6a8f4b9100fa960ef312a82454, type: 3}
      propertyPath: m_Enabled
      value: 0
      objectReference: {fileID: 0}
    - target: {fileID: 5957764252715134088, guid: 572ccf6a8f4b9100fa960ef312a82454, type: 3}
      propertyPath: m_Name
      value: Moos4x16 (1)
      objectReference: {fileID: 0}
    m_RemovedComponents: []
  m_SourcePrefab: {fileID: 100100000, guid: 572ccf6a8f4b9100fa960ef312a82454, type: 3}
--- !u!4 &3783000713294900166 stripped
Transform:
  m_CorrespondingSourceObject: {fileID: 3379731862238677823, guid: 572ccf6a8f4b9100fa960ef312a82454, type: 3}
  m_PrefabInstance: {fileID: 1916513792350724345}
  m_PrefabAsset: {fileID: 0}
--- !u!1001 &1916513792770676357
PrefabInstance:
  m_ObjectHideFlags: 0
  serializedVersion: 2
  m_Modification:
    m_TransformParent: {fileID: 4652434258228625579}
    m_Modifications:
    - target: {fileID: 3961676792299596180, guid: 9ec74da92fcd5e1899af337db686e98f, type: 3}
      propertyPath: m_LocalPosition.x
      value: 14.56
      objectReference: {fileID: 0}
    - target: {fileID: 3961676792299596180, guid: 9ec74da92fcd5e1899af337db686e98f, type: 3}
      propertyPath: m_LocalPosition.y
      value: -4.5
      objectReference: {fileID: 0}
    - target: {fileID: 3961676792299596180, guid: 9ec74da92fcd5e1899af337db686e98f, type: 3}
      propertyPath: m_LocalPosition.z
      value: -20
      objectReference: {fileID: 0}
    - target: {fileID: 3961676792299596180, guid: 9ec74da92fcd5e1899af337db686e98f, type: 3}
      propertyPath: m_LocalRotation.x
      value: -0
      objectReference: {fileID: 0}
    - target: {fileID: 3961676792299596180, guid: 9ec74da92fcd5e1899af337db686e98f, type: 3}
      propertyPath: m_LocalRotation.y
      value: -0
      objectReference: {fileID: 0}
    - target: {fileID: 3961676792299596180, guid: 9ec74da92fcd5e1899af337db686e98f, type: 3}
      propertyPath: m_LocalRotation.z
      value: -0
      objectReference: {fileID: 0}
    - target: {fileID: 3961676792299596180, guid: 9ec74da92fcd5e1899af337db686e98f, type: 3}
      propertyPath: m_LocalRotation.w
      value: 1
      objectReference: {fileID: 0}
    - target: {fileID: 3961676792299596180, guid: 9ec74da92fcd5e1899af337db686e98f, type: 3}
      propertyPath: m_RootOrder
      value: 3
      objectReference: {fileID: 0}
    - target: {fileID: 3961676792299596180, guid: 9ec74da92fcd5e1899af337db686e98f, type: 3}
      propertyPath: m_LocalEulerAnglesHint.x
      value: 0
      objectReference: {fileID: 0}
    - target: {fileID: 3961676792299596180, guid: 9ec74da92fcd5e1899af337db686e98f, type: 3}
      propertyPath: m_LocalEulerAnglesHint.y
      value: 0
      objectReference: {fileID: 0}
    - target: {fileID: 3961676792299596180, guid: 9ec74da92fcd5e1899af337db686e98f, type: 3}
      propertyPath: m_LocalEulerAnglesHint.z
      value: 0
      objectReference: {fileID: 0}
    - target: {fileID: 5927135904625195395, guid: 9ec74da92fcd5e1899af337db686e98f, type: 3}
      propertyPath: m_Name
      value: Moos8x16 (1)
      objectReference: {fileID: 0}
    m_RemovedComponents: []
  m_SourcePrefab: {fileID: 100100000, guid: 9ec74da92fcd5e1899af337db686e98f, type: 3}
--- !u!4 &3198232135049068305 stripped
Transform:
  m_CorrespondingSourceObject: {fileID: 3961676792299596180, guid: 9ec74da92fcd5e1899af337db686e98f, type: 3}
  m_PrefabInstance: {fileID: 1916513792770676357}
  m_PrefabAsset: {fileID: 0}
