%YAML 1.1
%TAG !u! tag:unity3d.com,2011:
--- !u!1 &1662160580178531271
GameObject:
  m_ObjectHideFlags: 0
  m_CorrespondingSourceObject: {fileID: 0}
  m_PrefabInstance: {fileID: 0}
  m_PrefabAsset: {fileID: 0}
  serializedVersion: 6
  m_Component:
  - component: {fileID: 858066953553369930}
  m_Layer: 0
  m_Name: Moos4x8
  m_TagString: Untagged
  m_Icon: {fileID: 0}
  m_NavMeshLayer: 0
  m_StaticEditorFlags: 0
  m_IsActive: 1
--- !u!4 &858066953553369930
Transform:
  m_ObjectHideFlags: 0
  m_CorrespondingSourceObject: {fileID: 0}
  m_PrefabInstance: {fileID: 0}
  m_PrefabAsset: {fileID: 0}
  m_GameObject: {fileID: 1662160580178531271}
  m_LocalRotation: {x: 0, y: 0, z: 0, w: 1}
  m_LocalPosition: {x: 20.407816, y: -7.405472, z: -16.455112}
  m_LocalScale: {x: 1, y: 1, z: 1}
  m_Children:
  - {fileID: 5592229871231842462}
  - {fileID: 510115924485593612}
  - {fileID: 590084124955664329}
  m_Father: {fileID: 0}
  m_RootOrder: 0
  m_LocalEulerAnglesHint: {x: 0, y: 0, z: 0}
--- !u!1001 &1248126136702583770
PrefabInstance:
  m_ObjectHideFlags: 0
  serializedVersion: 2
  m_Modification:
    m_TransformParent: {fileID: 858066953553369930}
    m_Modifications:
    - target: {fileID: 1505014991368310125, guid: 08394992ee86432fab4a8e7db3bc8a69, type: 3}
      propertyPath: m_Name
      value: Moos4x1
      objectReference: {fileID: 0}
    - target: {fileID: 6686063600610835268, guid: 08394992ee86432fab4a8e7db3bc8a69, type: 3}
      propertyPath: m_LocalPosition.x
      value: 0
      objectReference: {fileID: 0}
    - target: {fileID: 6686063600610835268, guid: 08394992ee86432fab4a8e7db3bc8a69, type: 3}
      propertyPath: m_LocalPosition.y
      value: 0
      objectReference: {fileID: 0}
    - target: {fileID: 6686063600610835268, guid: 08394992ee86432fab4a8e7db3bc8a69, type: 3}
      propertyPath: m_LocalPosition.z
      value: 0
      objectReference: {fileID: 0}
    - target: {fileID: 6686063600610835268, guid: 08394992ee86432fab4a8e7db3bc8a69, type: 3}
      propertyPath: m_LocalRotation.x
      value: 0
      objectReference: {fileID: 0}
    - target: {fileID: 6686063600610835268, guid: 08394992ee86432fab4a8e7db3bc8a69, type: 3}
      propertyPath: m_LocalRotation.y
      value: 0
      objectReference: {fileID: 0}
    - target: {fileID: 6686063600610835268, guid: 08394992ee86432fab4a8e7db3bc8a69, type: 3}
      propertyPath: m_LocalRotation.z
      value: 0
      objectReference: {fileID: 0}
    - target: {fileID: 6686063600610835268, guid: 08394992ee86432fab4a8e7db3bc8a69, type: 3}
      propertyPath: m_LocalRotation.w
      value: 1
      objectReference: {fileID: 0}
    - target: {fileID: 6686063600610835268, guid: 08394992ee86432fab4a8e7db3bc8a69, type: 3}
      propertyPath: m_RootOrder
      value: 0
      objectReference: {fileID: 0}
    - target: {fileID: 6686063600610835268, guid: 08394992ee86432fab4a8e7db3bc8a69, type: 3}
      propertyPath: m_LocalEulerAnglesHint.x
      value: 0
      objectReference: {fileID: 0}
    - target: {fileID: 6686063600610835268, guid: 08394992ee86432fab4a8e7db3bc8a69, type: 3}
      propertyPath: m_LocalEulerAnglesHint.y
      value: 0
      objectReference: {fileID: 0}
    - target: {fileID: 6686063600610835268, guid: 08394992ee86432fab4a8e7db3bc8a69, type: 3}
      propertyPath: m_LocalEulerAnglesHint.z
      value: 0
      objectReference: {fileID: 0}
    m_RemovedComponents: []
  m_SourcePrefab: {fileID: 100100000, guid: 08394992ee86432fab4a8e7db3bc8a69, type: 3}
--- !u!4 &5592229871231842462 stripped
Transform:
  m_CorrespondingSourceObject: {fileID: 6686063600610835268, guid: 08394992ee86432fab4a8e7db3bc8a69, type: 3}
  m_PrefabInstance: {fileID: 1248126136702583770}
  m_PrefabAsset: {fileID: 0}
--- !u!1001 &4000106160247859356
PrefabInstance:
  m_ObjectHideFlags: 0
  serializedVersion: 2
  m_Modification:
    m_TransformParent: {fileID: 858066953553369930}
    m_Modifications:
    - target: {fileID: 665201164514120996, guid: bfabc8c8de2870fd695d6a43e13507fb, type: 3}
      propertyPath: m_Enabled
      value: 0
      objectReference: {fileID: 0}
    - target: {fileID: 2455611090184373953, guid: bfabc8c8de2870fd695d6a43e13507fb, type: 3}
      propertyPath: m_Name
      value: AllStone4x5
      objectReference: {fileID: 0}
    - target: {fileID: 3416555873401188398, guid: bfabc8c8de2870fd695d6a43e13507fb, type: 3}
      propertyPath: m_Enabled
      value: 0
      objectReference: {fileID: 0}
    - target: {fileID: 4590114946342762325, guid: bfabc8c8de2870fd695d6a43e13507fb, type: 3}
      propertyPath: m_LocalPosition.x
      value: 0
      objectReference: {fileID: 0}
    - target: {fileID: 4590114946342762325, guid: bfabc8c8de2870fd695d6a43e13507fb, type: 3}
      propertyPath: m_LocalPosition.y
      value: -3
      objectReference: {fileID: 0}
    - target: {fileID: 4590114946342762325, guid: bfabc8c8de2870fd695d6a43e13507fb, type: 3}
      propertyPath: m_LocalPosition.z
      value: 0
      objectReference: {fileID: 0}
    - target: {fileID: 4590114946342762325, guid: bfabc8c8de2870fd695d6a43e13507fb, type: 3}
      propertyPath: m_LocalRotation.x
      value: 0
      objectReference: {fileID: 0}
    - target: {fileID: 4590114946342762325, guid: bfabc8c8de2870fd695d6a43e13507fb, type: 3}
      propertyPath: m_LocalRotation.y
      value: 0
      objectReference: {fileID: 0}
    - target: {fileID: 4590114946342762325, guid: bfabc8c8de2870fd695d6a43e13507fb, type: 3}
      propertyPath: m_LocalRotation.z
      value: 0
      objectReference: {fileID: 0}
    - target: {fileID: 4590114946342762325, guid: bfabc8c8de2870fd695d6a43e13507fb, type: 3}
      propertyPath: m_LocalRotation.w
      value: 1
      objectReference: {fileID: 0}
    - target: {fileID: 4590114946342762325, guid: bfabc8c8de2870fd695d6a43e13507fb, type: 3}
      propertyPath: m_RootOrder
      value: 2
      objectReference: {fileID: 0}
    - target: {fileID: 4590114946342762325, guid: bfabc8c8de2870fd695d6a43e13507fb, type: 3}
      propertyPath: m_LocalEulerAnglesHint.x
      value: 0
      objectReference: {fileID: 0}
    - target: {fileID: 4590114946342762325, guid: bfabc8c8de2870fd695d6a43e13507fb, type: 3}
      propertyPath: m_LocalEulerAnglesHint.y
      value: 0
      objectReference: {fileID: 0}
    - target: {fileID: 4590114946342762325, guid: bfabc8c8de2870fd695d6a43e13507fb, type: 3}
      propertyPath: m_LocalEulerAnglesHint.z
      value: 0
      objectReference: {fileID: 0}
    m_RemovedComponents: []
  m_SourcePrefab: {fileID: 100100000, guid: bfabc8c8de2870fd695d6a43e13507fb, type: 3}
--- !u!4 &590084124955664329 stripped
Transform:
  m_CorrespondingSourceObject: {fileID: 4590114946342762325, guid: bfabc8c8de2870fd695d6a43e13507fb, type: 3}
  m_PrefabInstance: {fileID: 4000106160247859356}
  m_PrefabAsset: {fileID: 0}
--- !u!1001 &4059404948317275718
PrefabInstance:
  m_ObjectHideFlags: 0
  serializedVersion: 2
  m_Modification:
    m_TransformParent: {fileID: 858066953553369930}
    m_Modifications:
    - target: {fileID: 252745084644058728, guid: 018b272d916d61dea8753c498a44b4db, type: 3}
      propertyPath: m_Enabled
      value: 0
      objectReference: {fileID: 0}
    - target: {fileID: 2724855658728850274, guid: 018b272d916d61dea8753c498a44b4db, type: 3}
      propertyPath: m_Enabled
      value: 0
      objectReference: {fileID: 0}
    - target: {fileID: 4558114453237914698, guid: 018b272d916d61dea8753c498a44b4db, type: 3}
      propertyPath: m_LocalPosition.x
      value: 0
      objectReference: {fileID: 0}
    - target: {fileID: 4558114453237914698, guid: 018b272d916d61dea8753c498a44b4db, type: 3}
      propertyPath: m_LocalPosition.y
      value: -1
      objectReference: {fileID: 0}
    - target: {fileID: 4558114453237914698, guid: 018b272d916d61dea8753c498a44b4db, type: 3}
      propertyPath: m_LocalPosition.z
      value: 0
      objectReference: {fileID: 0}
    - target: {fileID: 4558114453237914698, guid: 018b272d916d61dea8753c498a44b4db, type: 3}
      propertyPath: m_LocalRotation.x
      value: 0
      objectReference: {fileID: 0}
    - target: {fileID: 4558114453237914698, guid: 018b272d916d61dea8753c498a44b4db, type: 3}
      propertyPath: m_LocalRotation.y
      value: 0
      objectReference: {fileID: 0}
    - target: {fileID: 4558114453237914698, guid: 018b272d916d61dea8753c498a44b4db, type: 3}
      propertyPath: m_LocalRotation.z
      value: 0
      objectReference: {fileID: 0}
    - target: {fileID: 4558114453237914698, guid: 018b272d916d61dea8753c498a44b4db, type: 3}
      propertyPath: m_LocalRotation.w
      value: 1
      objectReference: {fileID: 0}
    - target: {fileID: 4558114453237914698, guid: 018b272d916d61dea8753c498a44b4db, type: 3}
      propertyPath: m_RootOrder
      value: 1
      objectReference: {fileID: 0}
    - target: {fileID: 4558114453237914698, guid: 018b272d916d61dea8753c498a44b4db, type: 3}
      propertyPath: m_LocalEulerAnglesHint.x
      value: 0
      objectReference: {fileID: 0}
    - target: {fileID: 4558114453237914698, guid: 018b272d916d61dea8753c498a44b4db, type: 3}
      propertyPath: m_LocalEulerAnglesHint.y
      value: 0
      objectReference: {fileID: 0}
    - target: {fileID: 4558114453237914698, guid: 018b272d916d61dea8753c498a44b4db, type: 3}
      propertyPath: m_LocalEulerAnglesHint.z
      value: 0
      objectReference: {fileID: 0}
    - target: {fileID: 4873353976737519079, guid: 018b272d916d61dea8753c498a44b4db, type: 3}
      propertyPath: m_Name
      value: AllStone4x2
      objectReference: {fileID: 0}
    m_RemovedComponents: []
  m_SourcePrefab: {fileID: 100100000, guid: 018b272d916d61dea8753c498a44b4db, type: 3}
--- !u!4 &510115924485593612 stripped
Transform:
  m_CorrespondingSourceObject: {fileID: 4558114453237914698, guid: 018b272d916d61dea8753c498a44b4db, type: 3}
  m_PrefabInstance: {fileID: 4059404948317275718}
  m_PrefabAsset: {fileID: 0}
